Date,Narration,Chq./Ref.No.,Value Dt,Withdrawal Amt.,Deposit Amt.,Closing Balance,Categories
31/03/25,Themselves measure black.,1307254193621,31/03/25,nan,7287.34,107287.34,Utilities
03/02/25,Officer cold.,4314905124452,03/02/25,10870.18,nan,96417.16,Utilities
08/02/25,Position time she.,1207185329356,08/02/25,nan,17440.32,113857.48,Groceries
17/02/25,Still send policy.,9717522466315,17/02/25,17568.06,nan,96289.42,Rent
30/03/25,Pull election later degree big.,6544367306229,30/03/25,nan,25011.33,121300.75,Investment
28/02/25,Oil few need gas thought.,9914103962199,28/02/25,7313.68,nan,113987.07,EMI
17/02/25,Happy drive.,5534592117337,17/02/25,2529.41,nan,111457.66,Food
13/01/25,Blue official west simply.,8381811652611,13/01/25,11087.31,nan,100370.35,Food
17/02/25,Which color traditional him decade.,1611093689111,17/02/25,nan,13188.05,113558.4,Salary
18/01/25,One administration road standard.,6775168168990,18/01/25,nan,21342.79,134901.19,Groceries
01/04/25,Game debate director anything.,8563357882822,01/04/25,8829.16,nan,126072.03,Rent
12/03/25,Law once past use.,6694973077253,12/03/25,3758.22,nan,122313.81,EMI
13/02/25,Trip put protect already place.,3414682627344,13/02/25,2589.13,nan,119724.68,Misc
03/02/25,Enjoy almost.,4945984096418,03/02/25,13326.3,nan,106398.38,Groceries
05/04/25,Argue PM present dog.,2971849051792,05/04/25,4626.62,nan,101771.76,Investment
11/03/25,In Congress.,2245230618655,11/03/25,12730.85,nan,89040.91,Investment
03/03/25,Military which finish.,9906803963987,03/03/25,2797.16,nan,86243.75,Food
20/03/25,Light he people your whether.,7012937493873,20/03/25,nan,25237.47,111481.22,Groceries
25/01/25,Suddenly down gun.,1375488199889,25/01/25,nan,23657.92,135139.14,Food
20/01/25,Letter late and.,8114905879739,20/01/25,nan,28155.41,163294.55,Groceries
13/03/25,Other base owner contain.,4551557496295,13/03/25,8046.35,nan,155248.2,Groceries
25/03/25,Entire foreign audience when box.,3051832458651,25/03/25,12669.21,nan,142578.99,Investment
03/03/25,Job pass toward.,7675096632964,03/03/25,nan,29815.49,172394.48,Rent
04/03/25,Here manage air find consider.,2889614377497,04/03/25,6142.85,nan,166251.63,Misc
09/01/25,Sell certain because.,4359781424314,09/01/25,nan,3101.98,169353.61,Rent
04/03/25,Happy group environmental fly artist.,9236622618013,04/03/25,nan,21154.69,190508.3,Investment
22/03/25,Type see trade should.,6674156307634,22/03/25,15519.59,nan,174988.71,Rent
01/04/25,Officer as move special.,2810270136498,01/04/25,4774.68,nan,170214.03,Rent
13/03/25,Grow ground.,9005928755358,13/03/25,nan,5887.1,176101.13,Groceries
12/03/25,Write read policy.,4942233175004,12/03/25,7373.83,nan,168727.3,Misc
18/02/25,Be until ready.,1434846078742,18/02/25,10169.52,nan,158557.78,Investment
29/01/25,Staff personal or beautiful appear.,8205016368786,29/01/25,nan,7809.77,166367.55,Misc
04/03/25,Bar above foot.,9758606065514,04/03/25,nan,5443.28,171810.83,Rent
02/03/25,Office sign learn.,6122153623650,02/03/25,nan,21365.85,193176.68,Utilities
30/03/25,Technology social be.,7635110242812,30/03/25,549.71,nan,192626.97,Groceries
20/03/25,Through fill will.,3198837639321,20/03/25,nan,5065.58,197692.55,Investment
26/03/25,Spring air action.,3663838368776,26/03/25,nan,15290.74,212983.29,Investment
17/01/25,Against hard just around high.,5570159381021,17/01/25,nan,18763.39,231746.68,Utilities
01/03/25,Tv commercial structure.,7635130025164,01/03/25,11322.97,nan,220423.71,Misc
06/04/25,Girl officer.,8130161343330,06/04/25,5194.22,nan,215229.49,Investment
09/02/25,Imagine now he.,7097234054351,09/02/25,nan,14206.6,229436.09,Salary
03/04/25,Finally see agent this.,9478209606274,03/04/25,nan,10629.11,240065.2,Salary
10/02/25,Receive push.,9117472214962,10/02/25,nan,17006.73,257071.93,Food
07/03/25,Begin few key over top.,5227669153296,07/03/25,nan,11651.12,268723.05,EMI
19/02/25,Five argue prevent my.,5402527100533,19/02/25,nan,12946.77,281669.82,Rent
25/02/25,Work reach front adult try.,3536241099643,25/02/25,nan,23481.56,305151.38,Groceries
03/03/25,Already significant we field.,1465659975031,03/03/25,nan,4565.52,309716.9,Food
08/01/25,Short newspaper mission.,3896354909821,08/01/25,8564.28,nan,301152.62,Salary
16/02/25,Card film move reveal important.,9245752642013,16/02/25,18588.35,nan,282564.27,EMI
26/02/25,Now or matter begin.,1544313509802,26/02/25,3989.67,nan,278574.6,Salary
29/03/25,Main cultural since.,5723071047062,29/03/25,nan,11540.35,290114.95,Groceries
16/01/25,Stage enter child everything concern.,6844014388794,16/01/25,nan,25884.44,315999.39,Investment
01/03/25,List message nice.,6094383984009,01/03/25,17485.74,nan,298513.65,Salary
19/01/25,Throw everybody simply way want.,3559945157050,19/01/25,nan,22187.19,320700.84,Rent
28/01/25,Us difference.,5012339352040,28/01/25,nan,14282.55,334983.39,Salary
03/03/25,Identify see.,5886991280446,03/03/25,10354.66,nan,324628.73,Groceries
18/03/25,Wrong during.,3989848881596,18/03/25,1123.96,nan,323504.77,Food
27/01/25,Back stop.,8435032197498,27/01/25,4195.79,nan,319308.98,Rent
08/02/25,Summer since reality line.,9810033056713,08/02/25,11493.35,nan,307815.63,Investment
31/03/25,Toward character event bring.,1059411508847,31/03/25,nan,29775.16,337590.79,Food
17/03/25,Tree civil.,5771975668369,17/03/25,nan,19438.5,357029.29,Food
11/03/25,Particular summer.,9494987458731,11/03/25,11506.0,nan,345523.29,Investment
15/03/25,Between interest find.,8061521925326,15/03/25,nan,3167.39,348690.68,Misc
05/03/25,Management a market phone door.,9259921955562,05/03/25,nan,15712.17,364402.85,Misc
30/03/25,Other success specific.,3706290658709,30/03/25,13200.09,nan,351202.76,Investment
30/03/25,Food opportunity culture.,3410004538351,30/03/25,16173.73,nan,335029.03,EMI
12/01/25,Two work practice view.,3652960984034,12/01/25,nan,22685.46,357714.49,Utilities
26/02/25,Huge threat.,1231128452137,26/02/25,16915.04,nan,340799.45,Salary
12/02/25,Image light smile customer.,5433679000172,12/02/25,nan,1490.86,342290.31,Salary
09/01/25,Dog mouth season law onto.,8170349136616,09/01/25,19275.39,nan,323014.92,Investment
03/03/25,Fire grow hope available.,9431445717182,03/03/25,5088.66,nan,317926.26,Rent
02/02/25,Environmental message through card during.,5887510347140,02/02/25,19313.29,nan,298612.97,Food
17/01/25,Certain left.,2807580767636,17/01/25,738.04,nan,297874.93,Groceries
24/01/25,Factor continue ahead good size.,3829233388160,24/01/25,nan,10092.44,307967.37,Food
25/01/25,Around stage large early find.,7009249170708,25/01/25,nan,5841.22,313808.59,Investment
03/04/25,Bring put citizen environment.,5128590734469,03/04/25,nan,18837.03,332645.62,Misc
25/01/25,House over painting.,4192075712905,25/01/25,nan,5357.13,338002.75,Investment
21/03/25,Tell west PM you.,7099825689780,21/03/25,nan,20004.84,358007.59,Food
22/01/25,Thought center easy knowledge successful.,7797733904000,22/01/25,nan,21413.44,379421.03,EMI
05/02/25,Girl argue huge.,4284312651009,05/02/25,nan,12971.22,392392.25,Groceries
26/03/25,Give report TV part receive.,9497096266147,26/03/25,17034.64,nan,375357.61,Groceries
11/03/25,Tough customer hard.,4958283160009,11/03/25,nan,13653.32,389010.93,Rent
05/02/25,Unit whatever member.,2291049817201,05/02/25,15515.03,nan,373495.9,Salary
20/01/25,Social support card size.,5004500728876,20/01/25,nan,12815.08,386310.98,Investment
05/03/25,Yard pick issue.,9581462577709,05/03/25,8572.47,nan,377738.51,Food
06/02/25,Student others.,3436938480110,06/02/25,15516.68,nan,362221.83,Misc
07/02/25,Become occur rate but.,2665942337526,07/02/25,nan,2347.19,364569.02,Investment
10/01/25,Body marriage candidate administration.,2497261840602,10/01/25,nan,1798.81,366367.83,Groceries
12/03/25,Alone side grow job game.,9663825736239,12/03/25,15533.47,nan,350834.36,Groceries
07/03/25,Career white bring exist.,3597644039350,07/03/25,nan,20640.45,371474.81,Misc
02/03/25,Product field strong.,9533467906836,02/03/25,nan,20236.49,391711.3,Food
13/03/25,Half dinner TV entire.,4686476713401,13/03/25,12284.69,nan,379426.61,Salary
08/02/25,Economic mouth plant me hope.,4316115598597,08/02/25,nan,25012.19,404438.8,Investment
30/01/25,Treatment per much.,1315038980629,30/01/25,nan,21591.71,426030.51,Misc
27/02/25,Age admit mention like.,5170240520602,27/02/25,3164.79,nan,422865.72,Rent
10/02/25,Tree near information authority movie.,9483905481109,10/02/25,2424.42,nan,420441.3,EMI
17/03/25,Record send every.,1963556928805,17/03/25,12207.76,nan,408233.54,Investment
06/02/25,Theory follow.,9623159238814,06/02/25,nan,29849.61,438083.15,Rent
28/03/25,Car real.,7542627999176,28/03/25,nan,8741.59,446824.74,Groceries
21/02/25,Ask conference toward.,7888690638450,21/02/25,nan,3075.77,449900.51,Utilities
27/03/25,Heart ball from.,2310974740125,27/03/25,5095.23,nan,444805.28,Misc
02/03/25,Great apply catch receive.,9992604904429,02/03/25,nan,6707.14,451512.42,Salary
02/04/25,New family without.,4821481925899,02/04/25,7233.93,nan,444278.49,Groceries
26/03/25,Not voice money cold.,1528585690065,26/03/25,nan,6041.31,450319.8,Food
03/03/25,In as never practice.,5502842188086,03/03/25,nan,23789.18,474108.98,EMI
16/02/25,Religious because.,6211789044345,16/02/25,nan,8836.61,482945.59,Investment
30/03/25,When oil.,2974299861339,30/03/25,929.33,nan,482016.26,Rent
29/03/25,Teacher check rise.,5726994766714,29/03/25,nan,15841.06,497857.32,Salary
07/01/25,Use floor.,2762645001336,07/01/25,10639.44,nan,487217.88,Rent
26/02/25,Leg as break evidence.,3920940613000,26/02/25,10323.18,nan,476894.7,Utilities
13/01/25,Yeah happen drop save.,7848385562549,13/01/25,nan,2746.68,479641.38,Salary
18/02/25,Million professional fish.,1701781916629,18/02/25,1628.74,nan,478012.64,Investment
07/04/25,Upon discussion finish.,3784861130850,07/04/25,nan,25249.99,503262.63,Salary
18/02/25,Today what.,5462222270857,18/02/25,14469.19,nan,488793.44,EMI
14/02/25,Agent the almost.,8725938809800,14/02/25,12989.17,nan,475804.27,Utilities
07/02/25,Human suggest.,5793956615872,07/02/25,nan,12312.19,488116.46,Salary
24/01/25,Budget hospital loss.,3096559997724,24/01/25,nan,17362.39,505478.85,Groceries
25/02/25,Force recent.,9984757287577,25/02/25,nan,1958.53,507437.38,Misc
02/02/25,Check right source girl.,7726262995678,02/02/25,nan,7827.0,515264.38,Rent
25/01/25,Friend wish long focus less.,7527187276474,25/01/25,9923.74,nan,505340.64,Groceries
05/02/25,End appear meeting range.,4822309084133,05/02/25,nan,17423.05,522763.69,Food
21/03/25,Situation into capital.,9534490593036,21/03/25,nan,16402.48,539166.17,Groceries
10/03/25,Ability focus military floor.,8571060272577,10/03/25,17012.68,nan,522153.49,Groceries
20/01/25,Which hair note.,1491469408424,20/01/25,nan,11268.49,533421.98,Salary
11/01/25,Beautiful nearly cultural up Mrs.,9481305117605,11/01/25,2105.73,nan,531316.25,Utilities
20/01/25,Husband compare political mind just.,5768880730022,20/01/25,14012.67,nan,517303.58,Salary
09/02/25,Above return heavy dream enter.,4465085540092,09/02/25,nan,8386.88,525690.46,Rent
25/03/25,Space social.,2075067175086,25/03/25,9121.39,nan,516569.07,Food
18/01/25,Eat deep style among goal.,5776884233556,18/01/25,12779.51,nan,503789.56,EMI
24/03/25,Simply to under safe.,5349557569706,24/03/25,nan,26044.88,529834.44,Investment
11/03/25,Four right.,7316144486511,11/03/25,nan,9517.36,539351.8,Groceries
09/02/25,Actually other.,6121766227507,09/02/25,nan,17779.5,557131.3,Groceries
28/01/25,Ever guy per whether.,2014032035996,28/01/25,nan,5828.33,562959.63,Salary
22/03/25,Product upon because.,7587664545170,22/03/25,4024.41,nan,558935.22,EMI
08/01/25,That only assume plant.,4244905369351,08/01/25,16005.86,nan,542929.36,Salary
20/03/25,Culture less.,9806578059629,20/03/25,8256.77,nan,534672.59,Misc
09/02/25,Fight wait fund such.,3909337230989,09/02/25,nan,8443.28,543115.87,EMI
20/01/25,Most speak each might game.,3960886235662,20/01/25,11619.25,nan,531496.62,EMI
29/01/25,As miss lead main material.,2351552262640,29/01/25,nan,5800.82,537297.44,Salary
22/03/25,Book magazine amount could.,4620333078133,22/03/25,14411.83,nan,522885.61,Salary
11/02/25,Character body until piece challenge.,9874150318559,11/02/25,14617.11,nan,508268.5,Groceries
17/03/25,Maybe election sea home myself.,9304352903762,17/03/25,10276.42,nan,497992.08,EMI
26/01/25,Daughter film.,5753431027619,26/01/25,18287.88,nan,479704.2,Utilities
06/04/25,Let investment.,9836521092467,06/04/25,nan,1385.92,481090.12,Food
30/01/25,Keep avoid.,5076974582791,30/01/25,6943.27,nan,474146.85,Salary
10/03/25,Read writer soldier data message.,5666058480759,10/03/25,nan,27050.15,501197.0,Salary
22/01/25,Pay decade owner.,3821298971138,22/01/25,3235.06,nan,497961.94,EMI
01/04/25,Method even value next.,3078244359899,01/04/25,4646.99,nan,493314.95,Groceries
18/03/25,Hold rich southern.,3819823333650,18/03/25,nan,7127.03,500441.98,Groceries
04/02/25,Study model.,9060411387289,04/02/25,nan,3552.73,503994.71,Salary
27/02/25,Minute conference late across care.,6490506390533,27/02/25,nan,16433.65,520428.36,Rent
06/03/25,Under again walk degree.,3429166088609,06/03/25,19628.88,nan,500799.48,Rent
07/01/25,Clearly whether science involve.,6250919877277,07/01/25,18827.5,nan,481971.98,Investment
05/04/25,Successful determine program.,6332787958368,05/04/25,17220.88,nan,464751.1,Rent
18/01/25,Art similar wear parent senior.,7583215862624,18/01/25,nan,23760.48,488511.58,Utilities
28/02/25,Change main toward.,3287488995649,28/02/25,8171.48,nan,480340.1,Rent
15/01/25,By travel.,8418133891716,15/01/25,nan,7858.89,488198.99,Salary
21/01/25,Most doctor house turn.,8424997603957,21/01/25,19219.68,nan,468979.31,Misc
13/01/25,Fish before who professional.,2939080159986,13/01/25,16182.27,nan,452797.04,Food
01/02/25,Cause pass position question.,9708670684927,01/02/25,nan,13965.63,466762.67,EMI
01/04/25,Organization take loss.,9228795350365,01/04/25,nan,12729.71,479492.38,Investment
24/03/25,Off product.,3964747017274,24/03/25,nan,23396.24,502888.62,Food
02/02/25,Prepare religious wind.,7344369855050,02/02/25,8068.95,nan,494819.67,Misc
22/03/25,Never important.,9721136154474,22/03/25,nan,11127.7,505947.37,Utilities
01/02/25,Century result sport.,6922008469738,01/02/25,15385.82,nan,490561.55,EMI
13/03/25,Plant none.,4546521474248,13/03/25,nan,8798.4,499359.95,Food
10/03/25,Fly still song.,4707138519302,10/03/25,556.31,nan,498803.64,Salary
13/03/25,Budget way bad general.,7002911298643,13/03/25,5368.18,nan,493435.46,Rent
01/04/25,Despite enjoy role yet age.,5761135273510,01/04/25,nan,10923.59,504359.05,Misc
12/03/25,Among tax knowledge.,3445857505889,12/03/25,12451.27,nan,491907.78,Investment
17/02/25,Sure according.,2301110687331,17/02/25,nan,26545.41,518453.19,Misc
11/02/25,Drug million all painting thousand.,7892231034907,11/02/25,nan,6485.24,524938.43,Misc
15/02/25,Candidate network support life.,9860355983765,15/02/25,nan,12904.05,537842.48,Investment
24/03/25,Behavior right bad.,5615022442067,24/03/25,7648.74,nan,530193.74,Misc
15/01/25,Turn fall ok buy place.,1511546611210,15/01/25,nan,13312.98,543506.72,Rent
25/02/25,International treat pull see.,9863093686862,25/02/25,nan,3583.28,547090.0,Salary
27/03/25,Discussion different serve agency responsibility.,5479077924001,27/03/25,3443.07,nan,543646.93,Salary
30/01/25,Quickly cultural always.,3630144252818,30/01/25,17556.15,nan,526090.78,Food
30/03/25,Happy take.,1167719492483,30/03/25,nan,26943.37,553034.15,Utilities
13/01/25,Social herself behind.,1794266816784,13/01/25,nan,12105.85,565140.0,Utilities
29/03/25,Degree east image day.,5932786803046,29/03/25,5814.71,nan,559325.29,Food
25/03/25,Example strong across successful.,5774645032201,25/03/25,7648.81,nan,551676.48,Misc
29/01/25,Student require model treatment.,8414385704299,29/01/25,8707.57,nan,542968.91,Food
21/01/25,Job bad open.,8547660585259,21/01/25,nan,6564.43,549533.34,Investment
04/04/25,Maybe face.,5200951515400,04/04/25,nan,20597.01,570130.35,Misc
05/02/25,Often others success experience relationship.,8152683569412,05/02/25,nan,3479.1,573609.45,Groceries
11/03/25,Close which foot option.,2382446238476,11/03/25,nan,5061.3,578670.75,Groceries
08/02/25,Have recent level political fund.,1095545398992,08/02/25,nan,11429.34,590100.09,Food
05/03/25,Scientist lead college give.,3205622314940,05/03/25,nan,26729.48,616829.57,Groceries
31/03/25,Phone central.,6858793800623,31/03/25,nan,5315.25,622144.82,Food
14/03/25,From street number.,5537446632021,14/03/25,nan,10916.42,633061.24,Salary
14/02/25,Into best response mention.,7380496376127,14/02/25,nan,4266.39,637327.63,Salary
28/01/25,Class send opportunity picture.,7794955620882,28/01/25,nan,28011.97,665339.6,Salary
24/03/25,While wall.,9529522270149,24/03/25,nan,23481.9,688821.5,Misc
24/01/25,Guy give.,2276737794345,24/01/25,18863.34,nan,669958.16,Investment
18/02/25,Now less three live.,7244103722817,18/02/25,nan,18852.16,688810.32,Salary
06/03/25,Degree since result.,3643860285033,06/03/25,19680.56,nan,669129.76,Salary
02/03/25,Current cell late current.,4176313452485,02/03/25,16813.56,nan,652316.2,Food
27/02/25,Perform price.,6024607555623,27/02/25,14217.14,nan,638099.06,Salary
08/03/25,Election his.,2366356580006,08/03/25,nan,24229.8,662328.86,Investment
30/03/25,Coach how chair wait.,3066959309338,30/03/25,nan,2808.82,665137.68,Utilities
07/04/25,Training range.,3917572027725,07/04/25,9560.63,nan,655577.05,EMI
27/02/25,Despite give stand blue.,3177783596790,27/02/25,nan,21577.91,677154.96,Groceries
03/02/25,Poor manage authority.,6959733781938,03/02/25,nan,17298.63,694453.59,Investment
11/01/25,Season top his five bag.,4192700713925,11/01/25,nan,1247.05,695700.64,Rent
26/01/25,Record sea.,8848256123965,26/01/25,nan,6744.47,702445.11,Misc
23/02/25,Brother shake question.,9782250281557,23/02/25,13514.78,nan,688930.33,Food
27/02/25,Blood pull whether before.,9270711600371,27/02/25,nan,26796.97,715727.3,Utilities
30/01/25,Third deal meet fund.,1745515617296,30/01/25,nan,25000.4,740727.7,Food
23/03/25,Information statement nor performance discussion.,2202028173409,23/03/25,13543.35,nan,727184.35,Salary
27/03/25,Build answer camera student space.,3579720815996,27/03/25,12135.89,nan,715048.46,Utilities
21/01/25,The who successful.,5009124471879,21/01/25,18763.3,nan,696285.16,Groceries
12/01/25,Her occur interest democratic color.,9160295897422,12/01/25,nan,21949.54,718234.7,Salary
21/03/25,Yourself him represent last protect.,9715377773131,21/03/25,nan,3021.36,721256.06,Groceries
21/01/25,End adult mind through.,2068730062395,21/01/25,nan,20775.7,742031.76,Food
19/02/25,President issue carry.,6550973820291,19/02/25,9861.26,nan,732170.5,Misc
18/02/25,Staff product.,4222401863250,18/02/25,7694.52,nan,724475.98,EMI
04/03/25,Rate build.,7440470103723,04/03/25,nan,4063.54,728539.52,Food
27/02/25,Strategy heavy herself center.,8688474354028,27/02/25,2218.05,nan,726321.47,Food
21/01/25,If step.,8332741019585,21/01/25,nan,16668.38,742989.85,EMI
21/01/25,Product six like.,3175047245056,21/01/25,nan,28112.81,771102.66,Rent
09/02/25,Investment listen very.,3110284267444,09/02/25,nan,26908.47,798011.13,EMI
27/01/25,Fine perform peace.,2816651547921,27/01/25,5697.47,nan,792313.66,Salary
02/02/25,Really condition system.,7069926937767,02/02/25,nan,23753.45,816067.11,Rent
06/02/25,Administration lay.,2467971365488,06/02/25,nan,6486.43,822553.54,Utilities
09/01/25,Not only citizen.,4048531451245,09/01/25,nan,28858.15,851411.69,Groceries
27/01/25,Lot record cause page.,1301213379449,27/01/25,nan,27173.31,878585.0,Salary
28/02/25,Industry use soon.,6316720918503,28/02/25,8148.09,nan,870436.91,Groceries
27/01/25,From collection six common.,5444144678650,27/01/25,nan,27784.71,898221.62,Misc
08/01/25,Among daughter yard he step.,9091706868713,08/01/25,nan,15503.19,913724.81,Investment
22/02/25,Very effort evidence summer.,5011693021466,22/02/25,3110.55,nan,910614.26,Salary
04/04/25,Nice pass.,3698995012878,04/04/25,7732.23,nan,902882.03,Food
01/04/25,Change number.,7833417189726,01/04/25,7665.81,nan,895216.22,Food
11/03/25,Represent whole happen store be.,9969821285553,11/03/25,14288.72,nan,880927.5,Salary
20/03/25,Operation style summer study hotel.,8063423984613,20/03/25,nan,24954.33,905881.83,Salary
24/03/25,Serious worry surface.,6463965508528,24/03/25,nan,25424.77,931306.6,Utilities
02/04/25,Both seat unit.,5863502938805,02/04/25,10554.84,nan,920751.76,Salary
22/03/25,Treatment run outside pick night.,8434839320063,22/03/25,8591.07,nan,912160.69,Groceries
24/01/25,Might painting.,6363860714398,24/01/25,nan,11102.24,923262.93,EMI
25/01/25,Different it south forget.,8398333334752,25/01/25,1502.31,nan,921760.62,EMI
11/03/25,No especially attack student.,2335913463344,11/03/25,3745.25,nan,918015.37,Food
16/01/25,Name wonder study.,6559080614983,16/01/25,nan,29986.52,948001.89,Rent
03/04/25,Bit name resource.,6860748202794,03/04/25,12868.33,nan,935133.56,Investment
04/02/25,Model without child surface.,6152746577329,04/02/25,nan,12800.04,947933.6,Salary
24/01/25,President crime growth.,1636217449108,24/01/25,nan,3056.27,950989.87,Utilities
03/04/25,Husband interest everybody.,8898346791429,03/04/25,nan,22542.9,973532.77,Rent
24/01/25,Employee go.,8529588739641,24/01/25,nan,2158.32,975691.09,Salary
20/02/25,Law know yet.,6112592245354,20/02/25,19086.6,nan,956604.49,Groceries
31/01/25,Outside statement smile.,9569632024977,31/01/25,nan,9480.73,966085.22,Investment
09/03/25,Weight hour fund reflect.,5362003763827,09/03/25,nan,19667.2,985752.42,EMI
07/02/25,Act American down several term.,4575486023545,07/02/25,nan,12044.44,997796.86,Investment
04/02/25,Professional home type never radio.,8996094988143,04/02/25,4577.84,nan,993219.02,Rent
26/01/25,Front eight try development.,3262514317579,26/01/25,13050.1,nan,980168.92,Salary
04/02/25,Rather not movement product.,5702401295653,04/02/25,18470.22,nan,961698.7,Salary
06/02/25,Themselves check poor.,3272069626669,06/02/25,4434.04,nan,957264.66,Rent
08/02/25,Because work Congress though.,7654544673327,08/02/25,8414.1,nan,948850.56,EMI
23/01/25,East development safe.,9957562838816,23/01/25,nan,22276.68,971127.24,Misc
02/02/25,Party various usually figure.,9901079401621,02/02/25,11280.55,nan,959846.69,Groceries
17/02/25,Senior tonight age stand.,8822661598139,17/02/25,674.57,nan,959172.12,Investment
25/02/25,Stay article black.,5485406056486,25/02/25,2732.69,nan,956439.43,Food
05/03/25,Out as child.,7837813657786,05/03/25,6241.85,nan,950197.58,Food
04/04/25,Difference season member.,4119953793718,04/04/25,15599.45,nan,934598.13,Groceries
07/03/25,Girl community game article reach.,2103180264542,07/03/25,nan,5295.06,939893.19,Food
22/03/25,Itself management glass product position.,7064086257907,22/03/25,5830.9,nan,934062.29,Salary
05/03/25,Mrs foreign water arm.,3194868408667,05/03/25,nan,1969.1,936031.39,Investment
13/01/25,Decision view.,3130806477300,13/01/25,15849.09,nan,920182.3,EMI
09/02/25,Increase somebody accept you.,7155235757306,09/02/25,nan,15614.27,935796.57,Investment
23/02/25,Scene summer treatment.,3549844622395,23/02/25,nan,19068.3,954864.87,Misc
29/03/25,Maintain meet notice building.,3163912979563,29/03/25,14438.89,nan,940425.98,Food
08/03/25,Professor year view clear.,9571557317407,08/03/25,13315.04,nan,927110.94,Salary
05/02/25,Head subject stop.,7755402407218,05/02/25,nan,23833.17,950944.11,EMI
01/03/25,Whom land rock.,9301235468153,01/03/25,15743.34,nan,935200.77,Groceries
07/01/25,Similar within enjoy.,2470745717176,07/01/25,19304.68,nan,915896.09,EMI
11/03/25,Certain phone wish TV.,7460311261337,11/03/25,7682.01,nan,908214.08,EMI
06/02/25,Son down public cultural.,1153910767795,06/02/25,1904.19,nan,906309.89,Groceries
01/03/25,Answer partner point.,1037809281730,01/03/25,13343.36,nan,892966.53,Investment
16/02/25,Answer join natural mind.,3024191533613,16/02/25,nan,24027.98,916994.51,EMI
02/03/25,Inside experience former commercial.,1821930776207,02/03/25,18134.18,nan,898860.33,Groceries
24/03/25,Despite with ten.,1193633035966,24/03/25,nan,9756.99,908617.32,EMI
08/04/25,Section his cup.,4564024100696,08/04/25,15624.88,nan,892992.44,Misc
14/02/25,In plant somebody.,4089951562278,14/02/25,nan,18114.2,911106.64,Utilities
30/01/25,Gun health mission service none.,4272177816037,30/01/25,14286.89,nan,896819.75,Misc
31/01/25,Whose share until.,9402079437039,31/01/25,nan,26120.2,922939.95,Groceries
08/02/25,During entire some clear policy.,7957413880990,08/02/25,nan,3383.87,926323.82,Groceries
06/04/25,Between whom seat.,2869350461212,06/04/25,12050.3,nan,914273.52,Rent
12/03/25,Father writer parent.,7630280557289,12/03/25,7937.61,nan,906335.91,Groceries
10/01/25,Argue listen sing.,4889166983175,10/01/25,nan,17578.53,923914.44,Investment
07/04/25,Daughter court late talk.,8408112215679,07/04/25,6300.26,nan,917614.18,Rent
12/03/25,Accept expect into travel.,3891173846194,12/03/25,nan,4832.79,922446.97,Groceries
23/01/25,Artist nearly decade.,8405003163485,23/01/25,nan,13082.39,935529.36,Misc
21/02/25,Chance reach.,2687108033327,21/02/25,nan,25271.17,960800.53,Salary
31/03/25,Enjoy tend call.,3541621865642,31/03/25,nan,14331.81,975132.34,Groceries
02/04/25,More argue.,8311879826202,02/04/25,19635.82,nan,955496.52,Investment
05/03/25,Rise administration your class.,7564167373770,05/03/25,5240.47,nan,950256.05,Misc
02/02/25,Determine drug.,1806265119793,02/02/25,2224.42,nan,948031.63,Food
20/01/25,Through something voice.,1120426682307,20/01/25,1899.04,nan,946132.59,Investment
27/02/25,Must ago side.,8326517562199,27/02/25,15434.93,nan,930697.66,Misc
12/01/25,Clear yes she.,4142666962917,12/01/25,nan,17816.11,948513.77,Investment
30/01/25,Sing serious hope good myself.,2202679103362,30/01/25,750.7,nan,947763.07,Food
16/03/25,Good voice result edge out.,7427299131823,16/03/25,nan,14349.83,962112.9,Food
16/02/25,Security push win walk.,1787734924814,16/02/25,1071.92,nan,961040.98,Utilities
24/03/25,First left ready.,7994885712982,24/03/25,nan,1471.64,962512.62,Food
05/02/25,Important travel record kid.,7789362893410,05/02/25,nan,8751.1,971263.72,Salary
17/01/25,Whatever support.,3835731956660,17/01/25,11931.44,nan,959332.28,Investment
10/03/25,Company too friend feel.,5697260594927,10/03/25,14547.7,nan,944784.58,Rent
29/01/25,Cultural bank.,9835046608395,29/01/25,2257.12,nan,942527.46,Rent
14/03/25,Federal section down.,4469883544279,14/03/25,1984.17,nan,940543.29,Investment
15/01/25,They measure response worry.,1942935777866,15/01/25,5745.08,nan,934798.21,Groceries
17/02/25,Mean reduce they read.,1339440431425,17/02/25,nan,12186.2,946984.41,Groceries
10/03/25,Space through investment.,3353253121242,10/03/25,11598.77,nan,935385.64,Utilities
08/03/25,Always piece before.,4178213551367,08/03/25,845.08,nan,934540.56,Food
05/02/25,Center parent early early.,4571487241423,05/02/25,9691.72,nan,924848.84,Utilities
27/01/25,Show woman nearly.,1403246372869,27/01/25,18769.91,nan,906078.93,Investment
07/02/25,Rather ahead sure few.,2220054867008,07/02/25,nan,4572.78,910651.71,Rent
21/02/25,Civil sense certainly.,5370175138168,21/02/25,11014.36,nan,899637.35,Utilities
05/04/25,Bank wife despite federal fact.,1658297422351,05/04/25,nan,22487.46,922124.81,Misc
27/01/25,Recently senior sound.,1170758007204,27/01/25,16544.88,nan,905579.93,Utilities
16/01/25,Though yourself even.,8526224982886,16/01/25,18583.51,nan,886996.42,Salary
31/03/25,Skin under leg.,7570237570876,31/03/25,15040.93,nan,871955.49,Groceries
16/02/25,Model sure.,6647721112282,16/02/25,14287.63,nan,857667.86,EMI
07/02/25,Career whether child.,7530043296125,07/02/25,15008.65,nan,842659.21,Investment
04/04/25,Great figure.,5387662171041,04/04/25,16530.09,nan,826129.12,Food
30/01/25,Citizen growth left.,2126963322811,30/01/25,7714.63,nan,818414.49,Food
11/01/25,Rate whom focus measure I.,2045770995126,11/01/25,nan,11885.01,830299.5,Food
14/02/25,Personal other face.,2804305780604,14/02/25,nan,2381.44,832680.94,Misc
19/01/25,Talk send alone.,9194728581894,19/01/25,18148.26,nan,814532.68,Misc
11/03/25,Rather stop.,7375941274402,11/03/25,nan,1732.99,816265.67,Salary
15/01/25,Improve room for.,3037220952303,15/01/25,nan,10351.02,826616.69,Rent
11/01/25,Although ready us.,5969324807597,11/01/25,nan,3158.94,829775.63,Salary
27/01/25,Do develop four.,1668634915461,27/01/25,nan,16998.39,846774.02,Investment
24/01/25,Science star threat level.,5375038275407,24/01/25,nan,20598.2,867372.22,Groceries
05/02/25,Continue together model.,6689176700091,05/02/25,17682.06,nan,849690.16,Investment
10/02/25,Mouth write seek.,7958430967429,10/02/25,3873.82,nan,845816.34,Food
23/02/25,Action none want.,9882344540858,23/02/25,12773.41,nan,833042.93,EMI
28/03/25,Manager area expert bring later.,2585747669091,28/03/25,nan,3396.7,836439.63,EMI
28/03/25,Know product order.,5129159639377,28/03/25,14419.83,nan,822019.8,Groceries
01/03/25,Hit recent trouble pull.,4929237012049,01/03/25,18507.9,nan,803511.9,EMI
13/01/25,Account sing subject mother.,9421840975114,13/01/25,nan,27157.36,830669.26,Rent
04/03/25,Member town.,2061562019128,04/03/25,18809.22,nan,811860.04,Utilities
13/01/25,Stock student let participant project.,8957360477101,13/01/25,6949.48,nan,804910.56,Investment
05/04/25,Ago control behind.,1034472682201,05/04/25,nan,3412.84,808323.4,Misc
20/02/25,Institution force also.,3333770648037,20/02/25,nan,12976.94,821300.34,Groceries
17/03/25,Vote difficult program.,3878825276808,17/03/25,nan,25280.85,846581.19,Utilities
10/01/25,Law why cold nice image.,9746860573617,10/01/25,nan,8927.96,855509.15,Groceries
24/01/25,List music.,5600882343946,24/01/25,2005.95,nan,853503.2,Misc
25/03/25,Already that lot institution.,4231513615283,25/03/25,17853.04,nan,835650.16,Salary
26/02/25,Movement election clear.,5387199921916,26/02/25,nan,21983.99,857634.15,Rent
27/03/25,Such sit.,1470291657149,27/03/25,7511.77,nan,850122.38,EMI
30/03/25,Near social care issue.,9071424467612,30/03/25,nan,3971.34,854093.72,Rent
04/03/25,Rise hope race expect.,5763051679956,04/03/25,4699.51,nan,849394.21,Salary
05/03/25,Court project seat send.,1116371496775,05/03/25,nan,5295.34,854689.55,Groceries
29/01/25,Ask bank page.,7496636734201,29/01/25,730.89,nan,853958.66,Groceries
24/01/25,Amount stay.,3678441892379,24/01/25,14529.89,nan,839428.77,EMI
17/03/25,Itself democratic game up.,1200277533659,17/03/25,nan,22301.09,861729.86,Rent
19/02/25,Purpose like.,8987251078013,19/02/25,2102.45,nan,859627.41,EMI
20/03/25,List cold seat enjoy hundred.,9999677457451,20/03/25,1714.3,nan,857913.11,Groceries
09/02/25,Involve skill agree.,6575082318927,09/02/25,9531.87,nan,848381.24,Misc
01/03/25,Case weight cut.,6757804058306,01/03/25,nan,23687.79,872069.03,EMI
23/01/25,Make anyone air.,3577412850237,23/01/25,nan,7926.9,879995.93,Utilities
13/03/25,Official all go.,2162957844171,13/03/25,nan,3248.97,883244.9,EMI
10/01/25,Language feeling fine method.,2203247993843,10/01/25,nan,1402.55,884647.45,Investment
18/02/25,Church edge smile item skill.,7658545217555,18/02/25,12018.92,nan,872628.53,Utilities
14/01/25,Bed run.,2568859823962,14/01/25,nan,12622.66,885251.19,Utilities
03/02/25,Glass majority season guess cover.,7838813633734,03/02/25,615.46,nan,884635.73,Salary
04/02/25,Require all toward number.,7164961303469,04/02/25,1045.11,nan,883590.62,Groceries
17/03/25,Per throughout east top.,2988215301688,17/03/25,1647.44,nan,881943.18,Utilities
28/03/25,Our thousand study.,7872220023583,28/03/25,9862.58,nan,872080.6,Food
11/01/25,Describe capital.,5404633256756,11/01/25,15854.89,nan,856225.71,Utilities
05/03/25,Field bed player.,9670512531119,05/03/25,10194.11,nan,846031.6,Investment
31/01/25,Party free program write.,1631854700244,31/01/25,nan,4137.58,850169.18,Salary
22/01/25,President modern various.,5511717763764,22/01/25,7302.81,nan,842866.37,Salary
16/01/25,Soon across rule.,6456152493002,16/01/25,nan,20839.81,863706.18,Salary
22/03/25,When animal before affect.,2697398544932,22/03/25,nan,19007.33,882713.51,Investment
07/04/25,Than wide.,1921905178391,07/04/25,nan,16806.16,899519.67,Investment
27/03/25,Student seat Mrs.,7480381596702,27/03/25,nan,16520.77,916040.44,Food
22/03/25,Much as care order sing.,1301835427819,22/03/25,nan,4594.05,920634.49,Groceries
15/01/25,Look mission man.,2484235623573,15/01/25,11180.82,nan,909453.67,Rent
23/01/25,Foot cause buy.,9070737157040,23/01/25,nan,27322.36,936776.03,Food
18/03/25,Role possible.,7653603014525,18/03/25,nan,13209.88,949985.91,Investment
20/01/25,Manage begin similar government reason.,1163531047155,20/01/25,nan,1708.07,951693.98,Misc
17/01/25,Chance think recognize price once.,7639070756345,17/01/25,nan,3438.66,955132.64,Utilities
02/02/25,Cost include knowledge.,7440668690867,02/02/25,nan,7337.39,962470.03,Utilities
16/02/25,Drop just since Mr relationship.,6587595815511,16/02/25,16598.95,nan,945871.08,Utilities
05/02/25,Small win.,9392001893538,05/02/25,9653.52,nan,936217.56,Groceries
03/04/25,Team take.,4345556714644,03/04/25,nan,16218.57,952436.13,Salary
01/02/25,Score window.,8949867257176,01/02/25,nan,9633.69,962069.82,EMI
10/01/25,Tonight necessary near same.,7511765274786,10/01/25,2606.03,nan,959463.79,Misc
21/01/25,Billion this.,2731022508341,21/01/25,nan,2532.87,961996.66,EMI
07/04/25,Agent race information near.,6994008163221,07/04/25,5818.47,nan,956178.19,EMI
24/01/25,But team coach case.,2444699486896,24/01/25,5892.59,nan,950285.6,Investment
19/02/25,From model glass.,3252551062926,19/02/25,nan,20852.06,971137.66,Groceries
07/03/25,Dog first kitchen cup.,2137682355750,07/03/25,15022.61,nan,956115.05,Utilities
11/01/25,Month series between bar reflect.,8345888984925,11/01/25,nan,21739.51,977854.56,Salary
08/02/25,Reality explain southern leave.,8207188510802,08/02/25,7396.16,nan,970458.4,EMI
23/02/25,Hit according say property.,7679003277460,23/02/25,836.57,nan,969621.83,EMI
27/02/25,Little class understand something.,8927058145437,27/02/25,nan,29505.75,999127.58,EMI
27/02/25,Project table that easy issue.,5371101708762,27/02/25,5234.33,nan,993893.25,Salary
16/01/25,Throw statement firm half.,8580340062427,16/01/25,nan,22700.02,1016593.27,Salary
27/03/25,Deep state.,2245426034258,27/03/25,1963.72,nan,1014629.55,EMI
24/01/25,Rather be reflect off.,7903842809678,24/01/25,nan,20000.1,1034629.65,Rent
23/02/25,Range democratic.,5690332666014,23/02/25,14387.36,nan,1020242.29,EMI
31/01/25,Memory industry activity new later.,2785790402697,31/01/25,12671.82,nan,1007570.47,Investment
07/02/25,Far act approach within.,3869800396880,07/02/25,18029.83,nan,989540.64,Rent
13/01/25,Environment want past.,8672210786830,13/01/25,12678.38,nan,976862.26,Food
19/02/25,Range boy have.,4047835421769,19/02/25,892.14,nan,975970.12,Misc
24/03/25,Certain stuff.,2359545148371,24/03/25,nan,1866.62,977836.74,Investment
09/01/25,Board garden case.,2193057080992,09/01/25,18354.64,nan,959482.1,Investment
19/01/25,Size price war.,1914639490539,19/01/25,4827.21,nan,954654.89,Misc
09/02/25,Political item money during.,3777229663587,09/02/25,16642.28,nan,938012.61,Rent
03/04/25,Box issue toward idea.,8335576151593,03/04/25,19958.54,nan,918054.07,Investment
25/01/25,Church computer model.,1738376270351,25/01/25,2703.61,nan,915350.46,Misc
13/03/25,Population question behavior recent music.,1253423228575,13/03/25,19555.42,nan,895795.04,Utilities
11/01/25,News their.,2490011315668,11/01/25,8216.36,nan,887578.68,Rent
05/03/25,Issue since research.,7084685286650,05/03/25,nan,22756.28,910334.96,Salary
12/03/25,Way site people.,8685621214013,12/03/25,nan,11223.88,921558.84,Investment
08/02/25,Certain prepare sometimes society.,7402224936557,08/02/25,nan,2070.0,923628.84,Misc
11/03/25,Later each capital.,2712982518124,11/03/25,17399.93,nan,906228.91,Food
12/02/25,Stop really line.,6266465950093,12/02/25,nan,20455.72,926684.63,Groceries
09/03/25,Education wind.,5431349435765,09/03/25,17096.07,nan,909588.56,Salary
08/03/25,Trip scene another.,5611712991325,08/03/25,nan,10423.91,920012.47,Salary
22/03/25,Myself smile avoid year.,8752185201335,22/03/25,nan,10365.26,930377.73,Utilities
10/03/25,Who challenge accept success really.,1567633013141,10/03/25,8320.94,nan,922056.79,Utilities
24/02/25,Family job minute.,5988610944331,24/02/25,3259.66,nan,918797.13,Food
27/01/25,Learn left group letter town.,6532645090506,27/01/25,19891.33,nan,898905.8,Utilities
06/02/25,Lot enough.,4507251986264,06/02/25,nan,24037.65,922943.45,Rent
04/03/25,Front phone will student I.,2599947536120,04/03/25,nan,5707.35,928650.8,Investment
30/03/25,Third Mr it policy only.,2021158937545,30/03/25,nan,13413.97,942064.77,Salary
01/02/25,Sometimes sell actually type.,9241198532396,01/02/25,nan,16450.68,958515.45,Misc
28/01/25,Name soon.,6786467792278,28/01/25,7092.39,nan,951423.06,Rent
27/03/25,Blue today west believe.,8053539914137,27/03/25,8965.97,nan,942457.09,Groceries
16/01/25,Drug including charge.,2977392820073,16/01/25,14423.64,nan,928033.45,Groceries
27/01/25,Play dark.,6383204897021,27/01/25,nan,9189.98,937223.43,Rent
24/03/25,Receive point week expect heart.,1666714279857,24/03/25,1062.12,nan,936161.31,Salary
09/01/25,Our mean product.,8712666313405,09/01/25,13161.53,nan,922999.78,Food
06/02/25,Give get help plant watch.,5927827557541,06/02/25,nan,26322.16,949321.94,Food
06/03/25,International drug claim magazine.,3181008252300,06/03/25,nan,26060.76,975382.7,Misc
14/02/25,Work doctor piece.,1104897369246,14/02/25,13889.08,nan,961493.62,Utilities
08/04/25,Television able down sense.,5332592756722,08/04/25,19925.06,nan,941568.56,Salary
07/03/25,Sell work nor.,5235529953253,07/03/25,18340.57,nan,923227.99,Investment
13/03/25,Decision attack why.,6083183642052,13/03/25,nan,6796.02,930024.01,Groceries
16/03/25,Local prove.,3504150409913,16/03/25,nan,23429.47,953453.48,Food
06/02/25,Since Mr language.,1510031336566,06/02/25,12111.03,nan,941342.45,EMI
22/03/25,Word despite television.,4630446251391,22/03/25,nan,23104.05,964446.5,Food
01/04/25,American join.,2020023306009,01/04/25,nan,19523.38,983969.88,Groceries
21/03/25,Key range loss assume.,3298845234612,21/03/25,nan,3383.52,987353.4,Rent
11/01/25,Edge even.,8168740730859,11/01/25,nan,14422.0,1001775.4,Misc
17/03/25,Economic key let.,3480681842975,17/03/25,nan,2666.27,1004441.67,Salary
18/01/25,Explain region left hand.,6799300581802,18/01/25,8677.43,nan,995764.24,Groceries
10/03/25,Know measure born.,7159592405448,10/03/25,nan,25529.01,1021293.25,Rent
13/02/25,Baby it this.,3789750995931,13/02/25,nan,3005.95,1024299.2,Misc
03/04/25,Author action simple.,9074281198584,03/04/25,nan,12841.55,1037140.75,Food
05/02/25,Animal democratic that.,4543466201865,05/02/25,nan,4101.59,1041242.34,Misc
19/02/25,Company six.,8377798045514,19/02/25,nan,27527.73,1068770.07,Groceries
17/03/25,Director rule easy.,5249989763172,17/03/25,nan,20997.54,1089767.61,EMI
22/02/25,Sea of.,6856086751915,22/02/25,9853.95,nan,1079913.66,EMI
17/01/25,Much officer military cell important.,1594477101821,17/01/25,nan,22983.2,1102896.86,Groceries
17/03/25,Break can democratic.,7988348973075,17/03/25,13240.67,nan,1089656.19,Salary
14/03/25,Part visit at.,9830354502722,14/03/25,nan,21069.6,1110725.79,Food
21/02/25,Executive close leave.,6798938994835,21/02/25,nan,7427.66,1118153.45,Rent
05/02/25,Benefit side kind.,6343700659959,05/02/25,7427.35,nan,1110726.1,Rent
28/03/25,Republican lose artist.,7698690097501,28/03/25,nan,28061.55,1138787.65,Rent
28/01/25,Should question car might.,3608431945046,28/01/25,2494.59,nan,1136293.06,EMI
22/03/25,Senior those.,2888052251203,22/03/25,919.31,nan,1135373.75,EMI
17/01/25,Difficult deal tough though seek.,4389806561511,17/01/25,6502.27,nan,1128871.48,EMI
19/02/25,Who network beat.,7050248322626,19/02/25,4301.14,nan,1124570.34,Salary
08/03/25,Management design develop too.,5476271406980,08/03/25,nan,1248.68,1125819.02,Groceries
20/01/25,Long talk.,1170917346798,20/01/25,nan,12677.87,1138496.89,Investment
15/02/25,Can beyond chance enjoy.,2722407688579,15/02/25,nan,22789.17,1161286.06,Utilities
12/03/25,Practice police contain wide.,6695714714428,12/03/25,16739.84,nan,1144546.22,Investment
11/02/25,Table field.,1660341846257,11/02/25,8418.16,nan,1136128.06,Groceries
31/03/25,Stock but necessary form according.,5833498240528,31/03/25,nan,23272.63,1159400.69,Investment
27/03/25,Meet power letter.,7956740323140,27/03/25,8034.42,nan,1151366.27,Salary
14/03/25,Huge how local.,6055632588555,14/03/25,5205.61,nan,1146160.66,Rent
28/03/25,Total education development.,8023295350085,28/03/25,nan,22056.76,1168217.42,EMI
16/01/25,East theory fast.,6289646252813,16/01/25,nan,20953.89,1189171.31,Groceries
15/01/25,Sometimes purpose.,6985078465508,15/01/25,17346.97,nan,1171824.34,Food
11/01/25,Majority short response.,3859254686422,11/01/25,nan,12311.39,1184135.73,Salary
07/04/25,Either reach store style picture.,9478686566540,07/04/25,15029.63,nan,1169106.1,Rent
27/03/25,Small three glass.,2171545778295,27/03/25,9426.68,nan,1159679.42,Utilities
16/01/25,Gun of government.,4438939622586,16/01/25,nan,13952.47,1173631.89,Groceries
12/01/25,Near staff capital professional join.,7328266902235,12/01/25,nan,2046.62,1175678.51,Food
04/03/25,Drop sell PM.,9172499257688,04/03/25,nan,5567.51,1181246.02,Investment
10/03/25,Person east simply week hot.,9306388744539,10/03/25,11444.65,nan,1169801.37,Groceries
08/04/25,Forget miss well four.,8146093640631,08/04/25,nan,11465.18,1181266.55,Salary
16/03/25,Step moment away notice.,9095699511777,16/03/25,17244.58,nan,1164021.97,Groceries
19/03/25,Hot audience.,8067431720185,19/03/25,6151.27,nan,1157870.7,Utilities
08/01/25,President might voice tell.,8001241136777,08/01/25,19418.74,nan,1138451.96,Misc
25/01/25,Travel water grow effort.,9627067505753,25/01/25,14023.66,nan,1124428.3,Food
08/02/25,Ever argue stage.,8830165217300,08/02/25,nan,28183.94,1152612.24,Misc
14/01/25,Quite southern example though.,4376991806460,14/01/25,nan,2157.83,1154770.07,Rent
01/02/25,Clearly color fear Republican.,8788013056312,01/02/25,nan,3188.73,1157958.8,Misc
30/01/25,Mrs vote attorney score force.,2906111273115,30/01/25,6063.01,nan,1151895.79,EMI
03/04/25,Plant project could their.,3620008538933,03/04/25,5904.4,nan,1145991.39,Rent
04/04/25,Difficult head west.,1243802694930,04/04/25,nan,23725.13,1169716.52,EMI
02/03/25,Mission benefit.,1216420496234,02/03/25,9922.91,nan,1159793.61,Salary
13/01/25,Short one.,7268198508785,13/01/25,3057.11,nan,1156736.5,EMI
26/02/25,Church finally dream stock.,6413176378381,26/02/25,18551.98,nan,1138184.52,Rent
18/02/25,Mention conference collection particular.,4923845277998,18/02/25,5324.28,nan,1132860.24,Misc
01/03/25,Movie how experience.,3044337725173,01/03/25,nan,6956.03,1139816.27,Investment
26/01/25,Rather soon.,2023236077090,26/01/25,7239.64,nan,1132576.63,Utilities
11/01/25,Opportunity car save particular piece.,5967438353453,11/01/25,17739.51,nan,1114837.12,Food
16/01/25,Air picture light on.,9151422922068,16/01/25,nan,18843.62,1133680.74,Investment
24/01/25,Be official threat spring.,6566604646135,24/01/25,11794.79,nan,1121885.95,Misc
13/01/25,Law TV information might guess.,5507884627135,13/01/25,18872.27,nan,1103013.68,Salary
25/03/25,Identify add campaign PM.,5600594914385,25/03/25,nan,14666.13,1117679.81,EMI
25/01/25,Weight guess fund.,6623810029162,25/01/25,19828.64,nan,1097851.17,Groceries
13/02/25,Building if baby floor each.,6086755715192,13/02/25,nan,5073.42,1102924.59,Rent
24/02/25,Money determine phone later.,3967259817194,24/02/25,18393.65,nan,1084530.94,EMI
16/02/25,Community after result among.,4944718541700,16/02/25,nan,25466.3,1109997.24,Groceries
28/03/25,Act hotel exist however.,2765948316027,28/03/25,1435.06,nan,1108562.18,EMI
28/01/25,Table kitchen catch state himself.,9639795693074,28/01/25,nan,5164.28,1113726.46,EMI
22/03/25,Environmental administration.,1634132046553,22/03/25,nan,20389.67,1134116.13,Misc
27/03/25,Rest security.,2047724110051,27/03/25,nan,3473.23,1137589.36,Misc
07/03/25,Analysis foot current two.,2366823455623,07/03/25,nan,18551.28,1156140.64,Misc
03/03/25,Star sometimes development grow.,3037239858745,03/03/25,14273.5,nan,1141867.14,Utilities
23/01/25,Service it ask fall military.,6356686817730,23/01/25,10005.33,nan,1131861.81,Investment
01/04/25,Source state expert speech.,1509693025974,01/04/25,17993.76,nan,1113868.05,Misc
30/03/25,Over a wear.,4629637381310,30/03/25,10920.38,nan,1102947.67,Food
14/03/25,Reflect free force deep.,5377827288167,14/03/25,nan,16165.92,1119113.59,Groceries
15/02/25,Late current bag skill have.,1743359524046,15/02/25,3158.4,nan,1115955.19,Investment
27/03/25,Many national share behavior.,9730560261132,27/03/25,10172.39,nan,1105782.8,Misc
17/01/25,Seek same smile.,7298148626756,17/01/25,nan,28933.79,1134716.59,Misc
20/01/25,Image challenge million goal yard.,6147594196825,20/01/25,19966.91,nan,1114749.68,Groceries
17/02/25,Too level today.,7789973450929,17/02/25,17668.82,nan,1097080.86,Salary
03/02/25,Truth newspaper accept tend figure.,8088724544289,03/02/25,16654.08,nan,1080426.78,Investment
01/04/25,Production goal happy.,8253198179502,01/04/25,4144.4,nan,1076282.38,Misc
07/03/25,Experience student improve successful sea.,5698940422589,07/03/25,nan,29538.77,1105821.15,Salary
27/03/25,Provide prove give.,4443840829373,27/03/25,nan,27403.07,1133224.22,Utilities
30/03/25,Off blue writer provide.,1375662340873,30/03/25,14052.42,nan,1119171.8,Utilities
11/01/25,Office admit what include.,1983516350713,11/01/25,8453.46,nan,1110718.34,Utilities
12/01/25,Open leader.,8799956852565,12/01/25,nan,8965.53,1119683.87,Salary
20/03/25,Within thousand.,5406987857223,20/03/25,nan,2580.7,1122264.57,Food
24/03/25,Claim news.,3254182544643,24/03/25,15078.1,nan,1107186.47,Rent
07/02/25,Follow admit.,1117923417987,07/02/25,nan,21626.69,1128813.16,Rent
10/01/25,Case radio.,9645603901357,10/01/25,11182.34,nan,1117630.82,Investment
12/03/25,Rise wife respond truth.,5911325967791,12/03/25,nan,6734.76,1124365.58,Food
15/03/25,Never television policy feeling.,9463627002914,15/03/25,nan,24133.86,1148499.44,Groceries
10/01/25,Property sport world.,6700882447106,10/01/25,848.02,nan,1147651.42,Utilities
23/03/25,Action candidate another seek.,2144789173063,23/03/25,3280.03,nan,1144371.39,Misc
27/01/25,Argue force challenge lot.,8319605047563,27/01/25,8528.78,nan,1135842.61,Utilities
10/02/25,How ago southern.,8407005937210,10/02/25,nan,25842.99,1161685.6,Groceries
22/03/25,Rate civil ten marriage.,2577488953938,22/03/25,nan,15695.74,1177381.34,EMI
15/01/25,Major note who.,9239429157125,15/01/25,nan,29804.58,1207185.92,Food
12/03/25,Help time risk cold.,7967648578611,12/03/25,2349.69,nan,1204836.23,Salary
02/04/25,Bad result debate institution world.,9274470554160,02/04/25,nan,16402.6,1221238.83,Rent
13/02/25,Raise attack attention.,7005220370932,13/02/25,nan,3251.17,1224490.0,Food
08/01/25,These note yeah.,1304324785380,08/01/25,15274.61,nan,1209215.39,Rent
16/01/25,Each each door through.,1004154786169,16/01/25,8380.48,nan,1200834.91,Rent
29/01/25,Available official career.,6943431315945,29/01/25,nan,3919.72,1204754.63,Misc
02/02/25,Cause market hard.,6242483777351,02/02/25,12503.03,nan,1192251.6,Utilities
01/04/25,Sister coach can special.,5770053236427,01/04/25,2526.28,nan,1189725.32,EMI
08/01/25,Test image one include.,6447967601203,08/01/25,6870.01,nan,1182855.31,Salary
31/01/25,Out movement.,7448168789573,31/01/25,nan,25959.12,1208814.43,Misc
15/01/25,Trouble effect.,5431758542501,15/01/25,19012.91,nan,1189801.52,Rent
14/02/25,Minute government letter writer.,6607052540658,14/02/25,9498.11,nan,1180303.41,Investment
25/01/25,Security environment left west response.,4983428484289,25/01/25,13163.87,nan,1167139.54,Groceries
07/03/25,About contain town condition ability.,7699263690393,07/03/25,15935.5,nan,1151204.04,Food
07/01/25,Few month raise boy.,2239166729575,07/01/25,11520.82,nan,1139683.22,EMI
08/01/25,Get stop statement.,9462840922728,08/01/25,nan,3777.32,1143460.54,Salary
11/01/25,Score page shoulder.,4066127821437,11/01/25,6417.22,nan,1137043.32,Utilities
11/02/25,Great piece politics especially.,1015021329044,11/02/25,nan,9110.81,1146154.13,Utilities
08/03/25,National visit interesting character even.,6241345298484,08/03/25,15009.75,nan,1131144.38,Groceries
08/01/25,Food relate board.,3496837842969,08/01/25,nan,9042.35,1140186.73,Utilities
12/01/25,Usually program less eye.,6196346664139,12/01/25,nan,5817.62,1146004.35,Salary
04/02/25,Study ten less.,3854660028137,04/02/25,nan,4373.76,1150378.11,Rent
04/02/25,City job service.,7632609672206,04/02/25,2634.97,nan,1147743.14,Utilities
22/03/25,Case artist today risk.,2950380870039,22/03/25,5219.11,nan,1142524.03,Food
13/01/25,Last reach ago.,5086848781900,13/01/25,12624.05,nan,1129899.98,Rent
20/03/25,Sister effort.,6774278557227,20/03/25,nan,28429.64,1158329.62,Utilities
31/03/25,Song book produce play.,5889153606104,31/03/25,12618.38,nan,1145711.24,Groceries
26/02/25,Low image partner use.,6957986026160,26/02/25,nan,26723.94,1172435.18,Misc
02/02/25,Hour produce cut least.,3316335487306,02/02/25,nan,20629.34,1193064.52,Investment
19/01/25,With among team.,1982492472148,19/01/25,16612.21,nan,1176452.31,Rent
11/03/25,Energy agree happen beautiful.,3537005917352,11/03/25,nan,19777.98,1196230.29,Misc
26/01/25,Approach each Mr claim.,9020962265796,26/01/25,6161.63,nan,1190068.66,EMI
03/03/25,Build election whole.,9625883420032,03/03/25,nan,10768.04,1200836.7,EMI
27/01/25,Way establish return carry night.,6554971798269,27/01/25,nan,10903.9,1211740.6,Groceries
13/01/25,Congress worry police likely.,7318768032230,13/01/25,5103.68,nan,1206636.92,Food
06/02/25,Write single case cut.,6629923176129,06/02/25,nan,23445.66,1230082.58,Misc
01/04/25,Radio finally.,3734370966523,01/04/25,nan,21094.39,1251176.97,Groceries
22/01/25,None information investment.,5297772813657,22/01/25,nan,15996.78,1267173.75,Utilities
25/03/25,Month whether.,4604488161523,25/03/25,6549.03,nan,1260624.72,EMI
16/01/25,Either whether particularly.,6902380652344,16/01/25,nan,19186.35,1279811.07,Investment
10/02/25,Machine front change through.,1126939145350,10/02/25,12151.62,nan,1267659.45,Rent
28/01/25,Give sing.,4250302107226,28/01/25,nan,5477.61,1273137.06,Misc
23/02/25,Space cold fish.,8878486750917,23/02/25,19675.36,nan,1253461.7,EMI
12/03/25,Off energy ball own simply.,2817004990803,12/03/25,8381.97,nan,1245079.73,Groceries
08/01/25,Common because nature any.,9999893193100,08/01/25,nan,6089.31,1251169.04,Food
02/02/25,Institution language.,7898446959933,02/02/25,nan,28669.16,1279838.2,Salary
17/02/25,Price car shoulder phone.,5322798758503,17/02/25,nan,28492.0,1308330.2,Misc
21/02/25,Sort hot.,6509445509033,21/02/25,6571.84,nan,1301758.36,Rent
08/03/25,Miss note cut.,5379889907783,08/03/25,nan,2220.3,1303978.66,Rent
28/01/25,Up quite impact culture.,5623957656581,28/01/25,3303.92,nan,1300674.74,Misc
02/02/25,Appear just certain sing.,8857844742958,02/02/25,nan,11435.15,1312109.89,Rent
21/03/25,Like fear particular.,9777747290669,21/03/25,nan,9658.08,1321767.97,Groceries
13/01/25,Economic song front.,1280904880744,13/01/25,nan,18622.95,1340390.92,EMI
20/03/25,Instead perhaps wear she.,1840955285780,20/03/25,nan,17322.19,1357713.11,Food
22/03/25,Skill western language ahead.,7012910349310,22/03/25,nan,26924.26,1384637.37,Investment
19/03/25,Into vote article.,8577423698048,19/03/25,nan,24775.47,1409412.84,Utilities
29/01/25,Majority soon girl down prove.,7886913754187,29/01/25,nan,21768.11,1431180.95,Groceries
22/02/25,Sure community.,4530803703079,22/02/25,5151.48,nan,1426029.47,Investment
19/03/25,Point rock.,5567902089309,19/03/25,nan,13809.69,1439839.16,Groceries
04/03/25,Water card.,8414784599531,04/03/25,nan,29666.86,1469506.02,EMI
16/02/25,He hope project doctor face.,5020865065847,16/02/25,6007.41,nan,1463498.61,Rent
18/01/25,Data issue.,6952506383244,18/01/25,14216.19,nan,1449282.42,Rent
08/01/25,American eye music camera.,2412163011786,08/01/25,nan,24406.94,1473689.36,Groceries
13/01/25,Age how hope.,3798952899761,13/01/25,12397.11,nan,1461292.25,Utilities
02/04/25,Event security enter.,1591234560438,02/04/25,nan,27464.16,1488756.41,Utilities
04/04/25,Current it cut quality.,7041332711382,04/04/25,3014.77,nan,1485741.64,Misc
29/03/25,Have beautiful anyone.,4961238922557,29/03/25,16966.91,nan,1468774.73,Food
29/01/25,Speech eat pressure reach.,4349712782724,29/01/25,18444.57,nan,1450330.16,EMI
29/01/25,Indeed into.,9868088368103,29/01/25,9569.42,nan,1440760.74,Food
18/01/25,Production sense hundred television end.,2897794946241,18/01/25,18274.81,nan,1422485.93,Investment
04/04/25,Sister second able want.,3710891033406,04/04/25,862.62,nan,1421623.31,Groceries
01/02/25,Low own before likely.,1269775527186,01/02/25,nan,29926.37,1451549.68,Food
11/01/25,Be news head while.,8478082785987,11/01/25,14959.92,nan,1436589.76,Rent
24/02/25,Report rock thousand develop.,2322643603062,24/02/25,18508.1,nan,1418081.66,Utilities
26/01/25,Still the.,6349444583442,26/01/25,nan,25447.57,1443529.23,Misc
14/02/25,Data walk.,6735011981980,14/02/25,nan,10218.7,1453747.93,Misc
06/03/25,Poor matter lawyer pull.,1270667445866,06/03/25,6681.91,nan,1447066.02,Groceries
18/02/25,Car idea not.,5370869491964,18/02/25,9524.19,nan,1437541.83,Food
28/02/25,Physical believe yeah war.,2592507953340,28/02/25,6412.8,nan,1431129.03,Investment
10/02/25,Position as red artist.,1194157281908,10/02/25,nan,18131.22,1449260.25,Groceries
08/04/25,Artist line huge activity.,7302226944119,08/04/25,16164.62,nan,1433095.63,Misc
23/02/25,Near head simply admit sport.,2797631911321,23/02/25,19525.32,nan,1413570.31,Groceries
26/02/25,Western including.,2805172434076,26/02/25,nan,6236.61,1419806.92,Investment
29/01/25,Job street four student.,1746394795414,29/01/25,nan,16384.66,1436191.58,Rent
03/03/25,Pick others happen.,3869510960412,03/03/25,nan,11161.08,1447352.66,Misc
27/01/25,Yet box concern how.,6116495587197,27/01/25,16979.67,nan,1430372.99,EMI
29/03/25,Parent player case service article.,1151912682085,29/03/25,6432.54,nan,1423940.45,Investment
11/03/25,Them employee structure mention.,5132667084659,11/03/25,11202.23,nan,1412738.22,Investment
28/03/25,Seat wonder great.,7757987679786,28/03/25,8140.18,nan,1404598.04,Salary
31/03/25,Collection organization.,8987980198122,31/03/25,8425.02,nan,1396173.02,EMI
28/02/25,Hold give line southern.,3047145615376,28/02/25,876.75,nan,1395296.27,Rent
26/02/25,International natural best tend plan.,1583847991262,26/02/25,nan,18506.83,1413803.1,Misc
09/03/25,Activity run.,1506457861703,09/03/25,nan,29228.42,1443031.52,Groceries
11/03/25,Any respond state.,7271768048996,11/03/25,6011.32,nan,1437020.2,Utilities
10/03/25,Grow society collection down newspaper.,6075953000813,10/03/25,9781.39,nan,1427238.81,Investment
10/01/25,Dark as blood.,3414352398076,10/01/25,2028.86,nan,1425209.95,Investment
12/01/25,Government financial response floor.,7345283571609,12/01/25,9853.99,nan,1415355.96,Rent
01/02/25,We claim.,4993303254688,01/02/25,14217.78,nan,1401138.18,Food
16/03/25,Show year.,1151078517052,16/03/25,16239.93,nan,1384898.25,EMI
29/03/25,Cell field family result.,8414625368456,29/03/25,nan,3316.01,1388214.26,Food
06/04/25,Travel leave tree themselves.,3618500060385,06/04/25,8303.2,nan,1379911.06,Salary
04/04/25,Option husband during create season.,1116073661014,04/04/25,5259.23,nan,1374651.83,Food
06/03/25,Walk whole war president compare.,4063552416563,06/03/25,nan,21068.42,1395720.25,Salary
16/02/25,Level bill get.,2261961732733,16/02/25,10218.21,nan,1385502.04,Salary
26/02/25,Reveal become parent.,7561911113191,26/02/25,12982.55,nan,1372519.49,Salary
18/01/25,Economic rate ever first.,4667357671668,18/01/25,nan,16950.41,1389469.9,Groceries
09/03/25,Seat range newspaper news letter.,7285015320748,09/03/25,6001.28,nan,1383468.62,Groceries
10/01/25,Attention pass force.,8830392546648,10/01/25,nan,22455.27,1405923.89,Food
18/01/25,Real pick represent number artist.,9221668287129,18/01/25,nan,19597.18,1425521.07,Misc
21/02/25,So put tend.,8249844504228,21/02/25,nan,9723.35,1435244.42,Groceries
21/01/25,Single war discussion hotel.,6980094865177,21/01/25,nan,17711.39,1452955.81,Utilities
19/03/25,Fact cell dinner.,3444133417876,19/03/25,nan,29019.22,1481975.03,Misc
30/03/25,Total myself fish.,7450344311950,30/03/25,2431.13,nan,1479543.9,Misc
04/04/25,Federal head child.,6003825182459,04/04/25,4242.29,nan,1475301.61,Food
09/03/25,Along thousand career.,5620006696435,09/03/25,nan,28366.09,1503667.7,Groceries
20/02/25,Open book buy actually.,7567580060933,20/02/25,19846.83,nan,1483820.87,Salary
02/02/25,Pressure happy bring.,4822485357009,02/02/25,nan,16377.21,1500198.08,Investment
15/03/25,Leave political purpose.,1097054053404,15/03/25,nan,18133.0,1518331.08,Groceries
31/01/25,You increase campaign five.,8921249104222,31/01/25,nan,4288.08,1522619.16,Rent
18/01/25,Field place reason record knowledge.,9024104928634,18/01/25,17195.76,nan,1505423.4,Salary
30/01/25,Attorney live week.,3217385631335,30/01/25,nan,5068.19,1510491.59,Utilities
13/02/25,Rich traditional.,2142473536483,13/02/25,nan,21340.75,1531832.34,Rent
24/02/25,Quality push we.,1781617938850,24/02/25,nan,18892.92,1550725.26,Food
13/03/25,Seem happen.,6299616260451,13/03/25,nan,16729.43,1567454.69,Food
10/01/25,Few back position.,3795995563943,10/01/25,nan,2476.66,1569931.35,Groceries
02/03/25,Agreement or hair think everything.,5421254619003,02/03/25,nan,2875.67,1572807.02,EMI
07/02/25,Else cell rich.,5617456451346,07/02/25,nan,26745.43,1599552.45,Rent
21/03/25,Black wife require behavior.,9138059234791,21/03/25,18782.95,nan,1580769.5,Food
13/01/25,Cut true church let.,7014791634051,13/01/25,nan,21545.02,1602314.52,Food
14/01/25,Our radio into sport reveal.,1591503864947,14/01/25,nan,28252.68,1630567.2,Groceries
23/01/25,Space road garden single.,6632580711577,23/01/25,nan,1922.19,1632489.39,Food
29/03/25,Per actually sing same.,8700194779701,29/03/25,nan,20948.42,1653437.81,Food
24/03/25,The ever network tend.,6266856795546,24/03/25,nan,22801.29,1676239.1,EMI
07/01/25,Property there.,6162368954776,07/01/25,nan,15427.16,1691666.26,Salary
09/03/25,People should player.,4440194169564,09/03/25,nan,13220.35,1704886.61,Utilities
19/03/25,Evening relationship choose apply.,2338911181334,19/03/25,2699.64,nan,1702186.97,EMI
20/01/25,Group treat very.,2907802033982,20/01/25,nan,12671.09,1714858.06,Rent
21/02/25,We since action.,7639848882978,21/02/25,nan,27463.81,1742321.87,Groceries
19/03/25,Than report way successful wall.,2752710140078,19/03/25,2549.11,nan,1739772.76,EMI
17/02/25,Wish recognize.,4978383354997,17/02/25,12834.81,nan,1726937.95,Rent
19/03/25,Other into ago area.,5249380954469,19/03/25,4337.79,nan,1722600.16,EMI
15/03/25,Fish child several.,4435331814426,15/03/25,nan,28218.6,1750818.76,Rent
20/03/25,Agent forget.,7293484301628,20/03/25,11839.46,nan,1738979.3,Rent
31/01/25,War break foot.,9590869792042,31/01/25,nan,25879.23,1764858.53,Investment
27/01/25,Yourself smile glass.,3221983662696,27/01/25,3931.14,nan,1760927.39,Salary
07/04/25,Necessary however individual.,3909022787631,07/04/25,nan,7532.46,1768459.85,Groceries
13/02/25,Attack particular game.,4200023909111,13/02/25,nan,25531.43,1793991.28,Food
19/01/25,Find set agent free.,1027488200375,19/01/25,nan,3614.04,1797605.32,Utilities
04/02/25,Garden study.,1881366187477,04/02/25,nan,21962.66,1819567.98,Salary
10/03/25,Yet drug all food center.,2535484941243,10/03/25,14491.19,nan,1805076.79,EMI
17/02/25,Return also debate.,6530572342007,17/02/25,19336.03,nan,1785740.76,Rent
08/01/25,Grow group heart game.,5661266227756,08/01/25,10649.98,nan,1775090.78,Investment
02/04/25,Hair rate now player.,9140273716660,02/04/25,nan,2385.63,1777476.41,Utilities
24/01/25,Enough wonder save.,7728249815895,24/01/25,nan,19303.99,1796780.4,Utilities
10/02/25,Treatment red use once.,1933737049580,10/02/25,1056.79,nan,1795723.61,Misc
10/01/25,Chance choice real.,1705326344176,10/01/25,nan,22712.62,1818436.23,Investment
30/03/25,Imagine to three region.,7651677274570,30/03/25,nan,13400.15,1831836.38,Rent
09/01/25,Worker very glass card.,9147876192142,09/01/25,nan,20282.0,1852118.38,Misc
26/01/25,Improve grow.,2488190155077,26/01/25,4517.2,nan,1847601.18,Food
07/02/25,See former.,6828127674564,07/02/25,nan,13203.08,1860804.26,Misc
01/03/25,Thus alone since.,5055416612504,01/03/25,11655.02,nan,1849149.24,Food
02/04/25,Attention get under.,9168151559838,02/04/25,nan,4842.35,1853991.59,Groceries
20/01/25,Value current third green.,1862794210508,20/01/25,nan,16612.37,1870603.96,Salary
07/02/25,Job anything follow take use.,2985842036935,07/02/25,nan,15514.4,1886118.36,Food
18/02/25,Heart theory support president.,6379825267050,18/02/25,7285.37,nan,1878832.99,Rent
17/03/25,Answer capital.,5656698534029,17/03/25,nan,24785.63,1903618.62,Rent
11/02/25,Total work.,9295601718121,11/02/25,nan,27981.46,1931600.08,EMI
02/04/25,Morning direction program.,8374037941355,02/04/25,6578.23,nan,1925021.85,EMI
12/01/25,During item occur green.,9423820709177,12/01/25,928.86,nan,1924092.99,Groceries
27/03/25,Along allow.,4888679682907,27/03/25,16267.93,nan,1907825.06,Rent
30/03/25,Final us hospital able.,6424177093926,30/03/25,3151.74,nan,1904673.32,Investment
22/02/25,Character in claim arrive.,2280343004129,22/02/25,15423.13,nan,1889250.19,EMI
19/02/25,Three sense coach drive tax.,8288207436871,19/02/25,nan,14801.55,1904051.74,Groceries
19/02/25,Fund wait.,2645478614030,19/02/25,8851.07,nan,1895200.67,Salary
07/04/25,Avoid school choice.,7536431750204,07/04/25,nan,8224.69,1903425.36,EMI
27/01/25,Share affect sport.,3050541012026,27/01/25,6704.28,nan,1896721.08,Misc
30/01/25,School cause low.,8398840576860,30/01/25,nan,10223.7,1906944.78,Salary
15/01/25,Yet information on mother.,5680635851731,15/01/25,nan,14902.69,1921847.47,EMI
01/02/25,Shake physical.,5871651187749,01/02/25,18660.67,nan,1903186.8,EMI
26/03/25,Themselves act energy maintain.,4582151580879,26/03/25,nan,17896.5,1921083.3,EMI
16/02/25,Democrat military across feeling.,2078913722210,16/02/25,nan,10114.63,1931197.93,Investment
31/01/25,Onto indicate painting.,8844389285179,31/01/25,9170.44,nan,1922027.49,Groceries
24/03/25,Difficult least.,8174302834507,24/03/25,nan,22865.13,1944892.62,Misc
26/03/25,Generation size per line.,4205076910516,26/03/25,nan,5751.26,1950643.88,Food
27/02/25,Party cover three technology sometimes.,4798331428350,27/02/25,nan,13165.9,1963809.78,EMI
02/03/25,Public just responsibility ever.,7489132717103,02/03/25,nan,1609.49,1965419.27,EMI
15/03/25,Rate thus.,5642936291227,15/03/25,5506.73,nan,1959912.54,Misc
04/04/25,Call manager light kid.,7936434507336,04/04/25,nan,2844.45,1962756.99,Rent
22/01/25,Young leg drug.,2379997481263,22/01/25,nan,27857.65,1990614.64,Food
23/02/25,Only game policy capital kitchen.,6292209419037,23/02/25,6601.74,nan,1984012.9,Misc
15/02/25,It phone.,3202425859860,15/02/25,nan,15117.1,1999130.0,Salary
18/03/25,Program also draw.,4626210748222,18/03/25,nan,12159.56,2011289.56,Investment
24/03/25,Many recently now training.,1969145520643,24/03/25,nan,25178.97,2036468.53,Rent
14/01/25,Yourself white.,6822942724937,14/01/25,nan,8490.69,2044959.22,Investment
23/01/25,Focus difference.,5415113797779,23/01/25,nan,7030.11,2051989.33,Salary
08/04/25,No star girl ago writer.,8885050888592,08/04/25,nan,15080.02,2067069.35,Investment
07/03/25,Write green might.,9259934494582,07/03/25,9545.17,nan,2057524.18,Misc
30/03/25,Authority deep.,1617492587212,30/03/25,7108.04,nan,2050416.14,Misc
12/01/25,Scientist case hold.,5843542560363,12/01/25,16355.91,nan,2034060.23,Utilities
18/02/25,Put kitchen military.,6339697446466,18/02/25,nan,23662.81,2057723.04,Salary
29/01/25,Lot plan across in program.,7814667486476,29/01/25,nan,3174.67,2060897.71,Investment
26/01/25,Benefit treatment.,1545302742647,26/01/25,9742.8,nan,2051154.91,Groceries
12/01/25,Your happy husband.,2738147081321,12/01/25,9897.45,nan,2041257.46,Groceries
27/03/25,Decide world how professional.,4954984875758,27/03/25,4922.31,nan,2036335.15,Food
25/01/25,No wife law.,6081470095315,25/01/25,7479.21,nan,2028855.94,Groceries
08/01/25,Pretty natural rate.,5585520437143,08/01/25,nan,29203.35,2058059.29,Groceries
12/01/25,Total wind.,8006775294000,12/01/25,nan,20581.26,2078640.55,Utilities
24/02/25,Difference data cup table pressure.,4897725437359,24/02/25,16370.04,nan,2062270.51,Rent
25/01/25,Community us Mrs walk decision.,1672974664044,25/01/25,7612.29,nan,2054658.22,Investment
01/02/25,Instead professional difference.,2436993581467,01/02/25,nan,29866.12,2084524.34,Food
16/01/25,Agreement or relationship positive.,6224740082590,16/01/25,nan,23659.08,2108183.42,Investment
07/04/25,School agreement party.,8700231221186,07/04/25,8026.3,nan,2100157.12,Utilities
08/01/25,Know specific nearly prove.,7285552041828,08/01/25,12706.99,nan,2087450.13,Food
26/02/25,Fish place season.,4972476072632,26/02/25,17572.08,nan,2069878.05,Salary
23/03/25,Close fish collection.,3219471209519,23/03/25,13831.24,nan,2056046.81,Rent
20/01/25,Hard another answer.,6931878996553,20/01/25,15033.06,nan,2041013.75,Salary
01/02/25,Staff commercial black.,5709157717048,01/02/25,16631.45,nan,2024382.3,EMI
07/02/25,Individual direction.,2049736867838,07/02/25,nan,9493.17,2033875.47,Rent
02/02/25,Happen challenge mention seat event.,8314855434584,02/02/25,15814.02,nan,2018061.45,Investment
26/03/25,Interest above character.,3582134193675,26/03/25,10367.87,nan,2007693.58,Investment
18/02/25,International culture find education.,5804346327306,18/02/25,9742.15,nan,1997951.43,Utilities
14/02/25,Discuss check impact.,6943696435225,14/02/25,17550.46,nan,1980400.97,Food
09/03/25,Lot case near three and.,8259742921167,09/03/25,7426.0,nan,1972974.97,Food
10/01/25,Stock light suffer want.,7201774809398,10/01/25,6122.91,nan,1966852.06,Misc
10/02/25,Represent this manage upon.,5224310981652,10/02/25,5557.59,nan,1961294.47,EMI
13/01/25,Prove learn rather.,4168972582068,13/01/25,nan,2857.6,1964152.07,EMI
01/03/25,Among purpose thank loss.,3729908057030,01/03/25,11973.03,nan,1952179.04,Investment
25/03/25,City thousand campaign.,1039588335848,25/03/25,12019.58,nan,1940159.46,Groceries
12/02/25,Response maintain television.,3382155930528,12/02/25,11629.46,nan,1928530.0,EMI
07/03/25,Force government suffer.,4991077143329,07/03/25,nan,28569.7,1957099.7,EMI
15/01/25,Main many few.,4704214784761,15/01/25,nan,29891.36,1986991.06,Rent
04/02/25,Exactly almost interesting something.,8434355242698,04/02/25,15597.33,nan,1971393.73,Rent
14/01/25,Over large section Congress civil.,4093981503279,14/01/25,5981.6,nan,1965412.13,Utilities
07/01/25,Natural keep science.,2496497117749,07/01/25,nan,13415.06,1978827.19,Groceries
17/03/25,Area crime trial.,9576609846638,17/03/25,8725.76,nan,1970101.43,Utilities
11/01/25,Place great special.,9771468044069,11/01/25,17072.94,nan,1953028.49,Food
22/01/25,Single performance mother.,6857683875334,22/01/25,nan,29198.21,1982226.7,Food
28/01/25,Conference recent once single feel.,6272155524810,28/01/25,nan,4013.72,1986240.42,EMI
13/03/25,Former long market.,2849573846961,13/03/25,nan,26643.0,2012883.42,EMI
08/04/25,Stage manage near.,6771089243234,08/04/25,nan,17914.5,2030797.92,Salary
25/03/25,Indicate talk alone.,2577546140219,25/03/25,4603.63,nan,2026194.29,Misc
23/01/25,His book history will.,1134457481527,23/01/25,nan,20460.76,2046655.05,Utilities
05/04/25,Reflect deal seven.,2710452899071,05/04/25,18503.99,nan,2028151.06,Misc
08/02/25,Certain simple stop.,5685474066819,08/02/25,15131.85,nan,2013019.21,Utilities
04/04/25,Him think style.,2194846462829,04/04/25,14218.94,nan,1998800.27,Salary
28/01/25,Mean charge life.,4487632344715,28/01/25,2698.2,nan,1996102.07,Investment
08/04/25,Light art pattern resource street.,3534734829882,08/04/25,6985.44,nan,1989116.63,Salary
13/02/25,Parent I street garden audience.,8896957653431,13/02/25,11420.4,nan,1977696.23,Food
12/01/25,Then follow.,4583277650671,12/01/25,nan,28379.88,2006076.11,EMI
16/03/25,History everything staff.,9351620521246,16/03/25,19449.99,nan,1986626.12,Investment
20/01/25,New way.,9958747869934,20/01/25,12997.9,nan,1973628.22,Salary
25/03/25,Care environmental bar.,6520750906259,25/03/25,nan,8636.96,1982265.18,EMI
25/01/25,Able tree international.,2477145354792,25/01/25,15928.31,nan,1966336.87,EMI
28/03/25,Less apply watch.,7937756953880,28/03/25,12045.8,nan,1954291.07,Groceries
18/03/25,Benefit first minute pull.,1753985936433,18/03/25,14629.28,nan,1939661.79,Misc
27/01/25,Authority discuss simply do.,1975894414239,27/01/25,7397.78,nan,1932264.01,Misc
02/03/25,Far human soldier oil.,3292299876196,02/03/25,nan,12173.68,1944437.69,Utilities
27/03/25,Threat over question.,5358810494263,27/03/25,2177.9,nan,1942259.79,Investment
15/02/25,Condition morning outside right capital.,7781350939586,15/02/25,13899.2,nan,1928360.59,Utilities
27/02/25,Also type own.,3107828100729,27/02/25,17440.54,nan,1910920.05,Investment
30/03/25,Nice speak piece so similar.,6178292964203,30/03/25,nan,4776.79,1915696.84,Rent
26/01/25,Media group.,6936741140958,26/01/25,nan,7004.94,1922701.78,Salary
09/02/25,Card offer maybe.,4896370803620,09/02/25,4711.37,nan,1917990.41,Groceries
04/03/25,Inside heavy serve tonight talk.,5249359912629,04/03/25,nan,12901.23,1930891.64,Rent
10/01/25,Part simply window.,6808305347662,10/01/25,16879.41,nan,1914012.23,Investment
28/03/25,Else specific identify create.,5565796281231,28/03/25,1661.49,nan,1912350.74,Rent
07/04/25,Building baby trial court.,9754593182252,07/04/25,nan,21252.82,1933603.56,EMI
25/02/25,By executive his water.,7220869504419,25/02/25,6153.61,nan,1927449.95,Utilities
13/03/25,Information white reality.,8603561261646,13/03/25,nan,24021.09,1951471.04,Utilities
27/02/25,Fall school describe.,3430620378428,27/02/25,12260.56,nan,1939210.48,Investment
14/02/25,Hot what.,6170337326057,14/02/25,1521.33,nan,1937689.15,Rent
24/02/25,Cut perform morning stage.,2444395388969,24/02/25,11009.57,nan,1926679.58,Groceries
02/04/25,History scientist during none.,9558967942527,02/04/25,15547.37,nan,1911132.21,Groceries
26/03/25,Around four.,9402821284902,26/03/25,nan,18692.64,1929824.85,EMI
21/02/25,See light bit company impact.,3255189438502,21/02/25,nan,19786.57,1949611.42,EMI
23/02/25,Officer west bar.,2729111459938,23/02/25,1062.99,nan,1948548.43,EMI
28/03/25,Perhaps almost shake through.,7965070685372,28/03/25,nan,16872.62,1965421.05,Food
02/02/25,Close then nor personal billion.,4350245756643,02/02/25,nan,9853.12,1975274.17,Groceries
10/01/25,Across staff action.,7363339981339,10/01/25,nan,15100.78,1990374.95,Rent
04/02/25,Compare defense skill.,4864669666839,04/02/25,6356.02,nan,1984018.93,Utilities
21/03/25,Factor decision soon.,3505909236481,21/03/25,nan,1016.95,1985035.88,Groceries
09/03/25,Suddenly majority black theory.,9528455060420,09/03/25,11851.41,nan,1973184.47,Utilities
11/03/25,Include system feeling whatever.,6244463596547,11/03/25,16360.76,nan,1956823.71,Rent
12/02/25,Voice matter.,6629075924130,12/02/25,nan,19789.46,1976613.17,Salary
29/03/25,Factor company early two then.,4869652532873,29/03/25,13822.96,nan,1962790.21,Salary
26/01/25,Thing east which.,2544202712136,26/01/25,9047.19,nan,1953743.02,Utilities
04/04/25,Fear exactly federal argue instead.,5714550246412,04/04/25,nan,16344.46,1970087.48,EMI
12/03/25,Growth until senior modern.,2291526042197,12/03/25,6703.93,nan,1963383.55,Misc
24/02/25,Newspaper most operation south.,1056526484608,24/02/25,1447.33,nan,1961936.22,Salary
02/02/25,Rest this draw.,5162754201263,02/02/25,12171.01,nan,1949765.21,Misc
13/01/25,News hit a.,7878275058354,13/01/25,nan,27027.37,1976792.58,Rent
14/03/25,Human throw common.,4656823437087,14/03/25,10096.7,nan,1966695.88,Groceries
01/03/25,Under research since score.,4536841783652,01/03/25,nan,29673.48,1996369.36,Groceries
02/02/25,Save during region.,7684191711163,02/02/25,nan,6300.13,2002669.49,Salary
30/03/25,Information case them red.,5109873915287,30/03/25,4972.63,nan,1997696.86,Salary
24/02/25,Make fish soldier.,2128528976537,24/02/25,nan,13964.27,2011661.13,Misc
26/03/25,Compare notice around student.,5537930214461,26/03/25,nan,3754.88,2015416.01,EMI
27/02/25,Policy reveal.,3337887844544,27/02/25,11510.55,nan,2003905.46,Misc
04/04/25,Month work person.,1058083137307,04/04/25,nan,13912.09,2017817.55,Utilities
05/03/25,Heavy security.,7993828686981,05/03/25,nan,5539.25,2023356.8,Misc
29/03/25,Tree mean.,2753182667439,29/03/25,nan,8578.36,2031935.16,Rent
20/03/25,Few indicate time.,2275466191387,20/03/25,nan,12931.2,2044866.36,Misc
29/03/25,Magazine success baby morning.,5803357053195,29/03/25,17541.75,nan,2027324.61,EMI
29/01/25,Our never team image month.,9554179257829,29/01/25,5739.04,nan,2021585.57,Salary
31/03/25,Score response toward set serve.,1362028154273,31/03/25,nan,24321.93,2045907.5,Rent
24/02/25,Interesting medical expect foreign.,9741842243696,24/02/25,nan,26312.29,2072219.79,Investment
15/01/25,Push Democrat seven listen.,7630441036346,15/01/25,nan,25300.85,2097520.64,Food
13/01/25,Everybody music against.,1067373998138,13/01/25,nan,22921.29,2120441.93,Salary
02/02/25,Majority or wall.,6417275665418,02/02/25,nan,21189.73,2141631.66,Rent
24/02/25,Cut along.,4718536596546,24/02/25,nan,27761.27,2169392.93,Salary
27/01/25,Future knowledge.,2554114552594,27/01/25,6222.97,nan,2163169.96,Groceries
07/01/25,Statement decade expect.,2768437803299,07/01/25,11033.61,nan,2152136.35,Rent
25/03/25,Behavior health represent.,1217404185603,25/03/25,nan,24059.45,2176195.8,Utilities
13/02/25,Hand involve people.,7540995642622,13/02/25,6081.55,nan,2170114.25,Food
17/02/25,Produce decide property within.,5593565871429,17/02/25,nan,22771.18,2192885.43,Groceries
13/03/25,Leg born.,2423104141798,13/03/25,nan,17844.49,2210729.92,Food
22/02/25,Push answer political need keep.,7532756578052,22/02/25,nan,1663.18,2212393.1,Misc
24/02/25,Film provide day.,4047121106097,24/02/25,nan,24466.1,2236859.2,Utilities
18/01/25,Away edge address prevent.,9559435932680,18/01/25,nan,28309.47,2265168.67,Misc
12/03/25,Task read born.,8877616253070,12/03/25,nan,24434.8,2289603.47,Investment
28/02/25,Ok section himself sell.,6014759808875,28/02/25,nan,20156.29,2309759.76,EMI
21/03/25,Physical voice arrive.,3594376388288,21/03/25,2010.91,nan,2307748.85,Food
07/01/25,Become network think baby special.,1194011739663,07/01/25,8645.26,nan,2299103.59,Misc
15/03/25,Turn sort successful most.,1103439334976,15/03/25,15952.54,nan,2283151.05,Investment
13/01/25,Computer put soldier.,3080271068359,13/01/25,8115.46,nan,2275035.59,Groceries
26/02/25,Happy onto.,1719854580160,26/02/25,nan,2544.8,2277580.39,Food
26/01/25,Entire bit main cut.,8622888246951,26/01/25,19107.42,nan,2258472.97,EMI
22/01/25,Forget start discover build actually.,1477128864470,22/01/25,nan,18248.03,2276721.0,Groceries
12/01/25,Much see focus design lose.,6512391485838,12/01/25,nan,26238.08,2302959.08,Misc
17/03/25,Relationship authority beyond.,3753199123877,17/03/25,nan,9589.98,2312549.06,Groceries
08/04/25,Full take.,2624470610401,08/04/25,8089.34,nan,2304459.72,Misc
17/02/25,Live much claim range owner.,5353757949719,17/02/25,nan,14915.67,2319375.39,Rent
19/01/25,American street goal.,9507552037586,19/01/25,nan,16769.5,2336144.89,Investment
15/03/25,Raise myself small population.,1711282747648,15/03/25,13060.23,nan,2323084.66,Investment
22/02/25,Dog decide.,3717657281901,22/02/25,nan,7877.38,2330962.04,Misc
23/03/25,Open home they maybe within.,9393354230214,23/03/25,nan,12546.22,2343508.26,EMI
23/03/25,Light final wind than newspaper.,7429764304101,23/03/25,18009.09,nan,2325499.17,EMI
21/01/25,Decide difficult author two.,7007380709027,21/01/25,nan,11027.66,2336526.83,Food
26/03/25,Effort feel city.,6684566867726,26/03/25,nan,11306.32,2347833.15,Utilities
15/01/25,Book her.,4087908684846,15/01/25,nan,2413.76,2350246.91,Utilities
01/03/25,Present hot.,5857413786341,01/03/25,6311.52,nan,2343935.39,Food
17/01/25,Gun conference.,9047910729415,17/01/25,nan,24139.91,2368075.3,EMI
11/01/25,Center floor fire bar.,8325098094310,11/01/25,nan,26107.93,2394183.23,Rent
03/02/25,Carry this end degree.,4524375615021,03/02/25,17264.11,nan,2376919.12,Misc
25/02/25,Standard my.,4800360787607,25/02/25,nan,18708.0,2395627.12,Salary
10/03/25,Car suffer I trip individual.,1995676353803,10/03/25,18053.18,nan,2377573.94,Food
13/02/25,Organization ready special room.,3552956342185,13/02/25,19195.8,nan,2358378.14,Misc
06/03/25,Likely industry nor.,4288034202350,06/03/25,4249.85,nan,2354128.29,Rent
27/01/25,Realize century.,8365335689023,27/01/25,nan,8085.49,2362213.78,Investment
24/03/25,Body big coach.,3998256323843,24/03/25,18593.27,nan,2343620.51,Groceries
14/01/25,Sing mention off history.,8344376013455,14/01/25,6693.3,nan,2336927.21,Food
09/03/25,Also never table school much.,9149660471052,09/03/25,nan,19405.13,2356332.34,EMI
28/01/25,Major effect force agency half.,1067897987707,28/01/25,11828.07,nan,2344504.27,Food
12/03/25,Care call suggest adult century.,8318040025735,12/03/25,nan,10928.79,2355433.06,Salary
12/02/25,Arm thousand finally.,8454764865468,12/02/25,13341.91,nan,2342091.15,Groceries
08/01/25,Exactly manage change center.,5202599343316,08/01/25,4773.19,nan,2337317.96,Rent
03/04/25,Reach establish require.,4962313966971,03/04/25,13708.98,nan,2323608.98,Salary
23/02/25,Fund late.,4580895435294,23/02/25,nan,28259.67,2351868.65,Investment
24/03/25,Huge learn group instead wall.,3368802378480,24/03/25,7749.45,nan,2344119.2,Utilities
25/03/25,Us notice dark.,2313492150585,25/03/25,13793.31,nan,2330325.89,Misc
10/02/25,Beyond walk time affect night.,7444078323449,10/02/25,nan,20349.31,2350675.2,Food
25/01/25,Century morning personal door.,8990274666766,25/01/25,nan,17969.41,2368644.61,Salary
15/01/25,Prove part window base.,7271712390656,15/01/25,7314.71,nan,2361329.9,Utilities
10/02/25,Onto economy trouble contain.,9647877722440,10/02/25,nan,26681.3,2388011.2,Groceries
04/03/25,Partner spring everybody fact.,1166421116848,04/03/25,6038.44,nan,2381972.76,Investment
23/03/25,Interesting level share.,8728850006256,23/03/25,nan,29220.23,2411192.99,Food
18/01/25,Along really.,6332648194845,18/01/25,nan,14801.62,2425994.61,Misc
19/02/25,Realize your southern under individual.,9475522117874,19/02/25,nan,17625.22,2443619.83,Food
01/03/25,Figure cup memory fill blue.,2916043781476,01/03/25,8262.77,nan,2435357.06,Misc
10/03/25,Idea high medical.,6813179059685,10/03/25,nan,8978.53,2444335.59,Rent
28/03/25,His read paper let somebody.,4298777672436,28/03/25,nan,11364.63,2455700.22,Investment
14/03/25,Professional power owner shoulder front.,4520829197372,14/03/25,14868.43,nan,2440831.79,EMI
20/03/25,Fight smile reveal son player.,6646523454721,20/03/25,nan,14415.69,2455247.48,Misc
26/03/25,Thousand less him much.,2069472889961,26/03/25,nan,29287.78,2484535.26,Food
29/03/25,Capital pretty.,2573715758014,29/03/25,15766.0,nan,2468769.26,EMI
05/04/25,Serve experience.,6055077564099,05/04/25,nan,27235.45,2496004.71,EMI
05/02/25,Summer travel source message.,4729679905019,05/02/25,nan,1450.73,2497455.44,Salary
04/02/25,Start eat style.,7362067145582,04/02/25,nan,29725.42,2527180.86,Misc
19/02/25,Knowledge and.,8631830030917,19/02/25,nan,14377.72,2541558.58,Investment
24/01/25,Chair position.,5148811561960,24/01/25,15273.23,nan,2526285.35,Salary
12/03/25,Box team.,4805248986344,12/03/25,nan,7984.4,2534269.75,Groceries
16/02/25,Administration receive question face.,7366730258843,16/02/25,nan,10798.57,2545068.32,Groceries
17/03/25,Job story.,5791347116520,17/03/25,nan,3778.77,2548847.09,Rent
12/01/25,Word notice such growth animal.,1555691443393,12/01/25,nan,5558.28,2554405.37,Investment
05/04/25,Eight another.,6122718719322,05/04/25,19317.83,nan,2535087.54,Rent
25/02/25,Item meet.,1772040732739,25/02/25,nan,12700.98,2547788.52,Utilities
17/03/25,Space let first seem.,4504244923796,17/03/25,18428.39,nan,2529360.13,Groceries
18/02/25,Skill can item down see.,5197650586251,18/02/25,nan,8238.96,2537599.09,Food
30/01/25,Store coach buy.,6477733819362,30/01/25,nan,29908.83,2567507.92,Misc
31/03/25,Evidence right how environment positive.,4648180197082,31/03/25,3743.31,nan,2563764.61,Utilities
21/02/25,Everybody lay art off red.,3017896523677,21/02/25,nan,25249.27,2589013.88,Misc
01/03/25,Candidate she recently land new.,9706044519645,01/03/25,7824.83,nan,2581189.05,EMI
11/01/25,Same message performance likely.,2336213374883,11/01/25,2832.15,nan,2578356.9,Salary
06/03/25,Those several high simple.,8008176023479,06/03/25,14068.57,nan,2564288.33,EMI
04/04/25,Heart hold cold federal.,8101936540755,04/04/25,nan,12989.91,2577278.24,Utilities
27/02/25,College any.,9395050525804,27/02/25,7721.85,nan,2569556.39,Utilities
09/03/25,Leg serve.,6113096810536,09/03/25,11915.74,nan,2557640.65,Salary
29/01/25,Heavy left near.,3470853081495,29/01/25,nan,18341.03,2575981.68,Groceries
10/02/25,Local like happen garden medical.,4085585506488,10/02/25,nan,10736.23,2586717.91,EMI
15/01/25,Natural without consider because.,8842380663636,15/01/25,nan,1345.35,2588063.26,Misc
31/03/25,Recognize wall international.,1653881814977,31/03/25,nan,16023.96,2604087.22,Utilities
21/01/25,Collection issue.,3875838799518,21/01/25,nan,14800.1,2618887.32,Investment
10/03/25,Enough kind cold difference.,2164026072837,10/03/25,nan,3336.46,2622223.78,Food
27/02/25,Itself enough improve.,5143614678560,27/02/25,15674.83,nan,2606548.95,EMI
18/03/25,New prove hold leader sing.,4570381780197,18/03/25,2269.01,nan,2604279.94,Food
08/03/25,Where really.,5546141208672,08/03/25,1652.31,nan,2602627.63,Utilities
10/02/25,In by situation just.,3868364174933,10/02/25,19277.56,nan,2583350.07,Investment
30/01/25,Approach break box relate.,9504722313034,30/01/25,6940.46,nan,2576409.61,Misc
09/03/25,Raise seek investment reveal relationship.,9190212560294,09/03/25,nan,17952.21,2594361.82,EMI
28/01/25,Receive light space small show.,8927265469616,28/01/25,nan,28482.06,2622843.88,Misc
19/02/25,Room majority past.,4561844426604,19/02/25,6487.14,nan,2616356.74,Groceries
14/03/25,Mission choose story.,6479529514336,14/03/25,nan,26605.2,2642961.94,Rent
19/01/25,Would force.,5826874182648,19/01/25,nan,1339.37,2644301.31,Food
22/03/25,Though set believe test.,9909596477511,22/03/25,11891.27,nan,2632410.04,Groceries
16/01/25,Visit pattern my hotel.,4611189124620,16/01/25,9490.47,nan,2622919.57,Utilities
12/02/25,Economic between lay way.,6809933641553,12/02/25,nan,2764.59,2625684.16,EMI
20/01/25,Fly final simple activity Mr.,9622459842695,20/01/25,nan,27543.08,2653227.24,EMI
25/02/25,Field response second indicate.,2811564666613,25/02/25,1699.38,nan,2651527.86,Food
19/01/25,Evening certainly those cold begin.,5036641897130,19/01/25,nan,1933.78,2653461.64,EMI
04/04/25,Section hear finish pass.,6783552565417,04/04/25,8292.19,nan,2645169.45,Salary
01/03/25,Film necessary economic.,7435493060517,01/03/25,12588.46,nan,2632580.99,Food
24/03/25,Site husband lot today.,6901347881708,24/03/25,4072.56,nan,2628508.43,Misc
19/03/25,Cause state nature see.,4052152249590,19/03/25,nan,25986.13,2654494.56,EMI
07/02/25,Final exist with dog.,3645453748847,07/02/25,nan,23539.84,2678034.4,Utilities
30/01/25,Player commercial billion.,8577441275075,30/01/25,nan,5139.39,2683173.79,Utilities
18/01/25,Room catch exactly fact movie.,3563959028344,18/01/25,16262.23,nan,2666911.56,Investment
09/01/25,Two kind bed.,1592306715803,09/01/25,nan,29269.97,2696181.53,Rent
02/02/25,Once source turn.,3894869896874,02/02/25,1994.14,nan,2694187.39,Salary
10/01/25,Police lot east.,3680964668443,10/01/25,18171.42,nan,2676015.97,EMI
19/02/25,Throughout organization.,4667639903538,19/02/25,8977.07,nan,2667038.9,Food
16/01/25,Fact order fact son.,7925167330719,16/01/25,7331.45,nan,2659707.45,Salary
01/03/25,Green father student.,9473633601999,01/03/25,861.16,nan,2658846.29,Rent
12/02/25,North radio under the full.,7693446831571,12/02/25,nan,19534.7,2678380.99,Salary
04/03/25,Price manage evening.,5268463048196,04/03/25,1513.03,nan,2676867.96,Groceries
10/01/25,Activity off pretty hit both.,1724475632944,10/01/25,3970.3,nan,2672897.66,Misc
12/01/25,Perform at bit together.,9643069318149,12/01/25,nan,9872.04,2682769.7,Salary
25/03/25,Direction study together newspaper gas.,1927661345464,25/03/25,12365.62,nan,2670404.08,Utilities
03/04/25,Party community Mrs operation.,7444950385889,03/04/25,nan,26135.16,2696539.24,Salary
08/02/25,Country have food.,1859038082372,08/02/25,4558.97,nan,2691980.27,Food
17/03/25,Career produce argue traditional before.,7771136078736,17/03/25,nan,7872.54,2699852.81,Investment
06/04/25,Maintain picture professional thus.,9146802176423,06/04/25,nan,17720.65,2717573.46,Rent
02/03/25,Me bit quickly stage may.,8865941507362,02/03/25,nan,26041.05,2743614.51,Food
05/02/25,Soldier but result light.,6733624697034,05/02/25,nan,26767.0,2770381.51,Misc
15/03/25,They rest traditional.,1588674941453,15/03/25,nan,15199.13,2785580.64,Utilities
25/01/25,Suggest president second.,2610578165927,25/01/25,3270.64,nan,2782310.0,Misc
04/04/25,Song international operation husband.,2774571348827,04/04/25,nan,21697.49,2804007.49,Groceries
26/03/25,Real not message society public.,3239167399980,26/03/25,2047.34,nan,2801960.15,Rent
02/04/25,Power morning claim power.,6633931670735,02/04/25,nan,22779.07,2824739.22,Misc
07/02/25,Poor loss option.,5236468072045,07/02/25,8473.67,nan,2816265.55,Misc
07/04/25,End forget at another.,6244576316121,07/04/25,nan,13394.52,2829660.07,Salary
18/02/25,Feel customer to.,5873283962569,18/02/25,17303.68,nan,2812356.39,Investment
19/02/25,Least way list your.,6330336412747,19/02/25,10400.14,nan,2801956.25,Misc
15/02/25,Dark person want.,5861707991391,15/02/25,nan,17208.99,2819165.24,Utilities
01/02/25,Customer if evidence.,3109543004945,01/02/25,nan,11323.45,2830488.69,Salary
25/02/25,Save stuff discuss leave.,9589008599341,25/02/25,nan,28251.09,2858739.78,EMI
28/01/25,Perhaps prevent.,7296659976416,28/01/25,nan,13794.81,2872534.59,Utilities
24/01/25,Situation wonder.,8710570290748,24/01/25,nan,20706.88,2893241.47,Utilities
